<?xml version="1.0" encoding="UTF-8"?>
<Document xmlns:xsi="http://www.w3.org/2001/XMLSchema-instance" xmlns="urn:iso:std:iso:20022:tech:xsd:pain.001.001.03">
<CstmrCdtTrfInitn>
<GrpHdr>
<MsgId>101 2022-03-01-13:26:50</MsgId>
<CreDtTm>2022-02-24T13:26:50</CreDtTm>
<NbOfTxs>63</NbOfTxs>
<CtrlSum>134394.15</CtrlSum>
<InitgPty>
<Nm>CONVER BV</Nm>
</InitgPty>
</GrpHdr>
<PmtInf>
<PmtInfId>400-101-2022-03-01-</PmtInfId>
<PmtMtd>TRF</PmtMtd>
<BtchBookg>true</BtchBookg>
<PmtTpInf>
<SvcLvl>
<Cd>SEPA</Cd>
</SvcLvl>
</PmtTpInf>
<ReqdExctnDt>2022-03-01</ReqdExctnDt>
<Dbtr>
<Nm>CONVER BV</Nm>
</Dbtr>
<DbtrAcct>
<Id>
<IBAN>NL17RABO0156214466</IBAN>
</Id>
</DbtrAcct>
<DbtrAgt>
<FinInstnId>
<BIC>RABONL2U</BIC>
</FinInstnId>
</DbtrAgt>
<CdtTrfTxInf>
<PmtId>
<EndToEndId>400-101-18050</EndToEndId>
</PmtId>
<Amt>
<InstdAmt Ccy="EUR">798.60</InstdAmt>
</Amt>
<CdtrAgt>
<FinInstnId>
<BIC>RABONL2U</BIC>
</FinInstnId>
</CdtrAgt>
<Cdtr>
<Nm>A EN R PROMOTIONS</Nm>
<PstlAdr>
<StrtNm>DE WETERING 19-21</StrtNm>
<PstCd>4906 CT</PstCd>
<TwnNm>OOSTERHOUT</TwnNm>
<Ctry>NL</Ctry>
</PstlAdr>
</Cdtr>
<CdtrAcct>
<Id>
<IBAN>NL06RABO0118954733</IBAN>
</Id>
</CdtrAcct>
<RmtInf>
<Ustrd>Checkno:18050 Docs: 22750130</Ustrd>
</RmtInf>
</CdtTrfTxInf>
<CdtTrfTxInf>
<PmtId>
<EndToEndId>400-101-18054</EndToEndId>
</PmtId>
<Amt>
<InstdAmt Ccy="EUR">335.17</InstdAmt>
</Amt>
<CdtrAgt>
<FinInstnId>
<BIC></BIC>
</FinInstnId>
</CdtrAgt>
<Cdtr>
<Nm>CARMAT BV</Nm>
<PstlAdr>
<StrtNm>CAMPAGNEWEG 15</StrtNm>
<PstCd>4761 RM</PstCd>
<TwnNm>ZEVENBERGEN</TwnNm>
<Ctry>NL</Ctry>
</PstlAdr>
</Cdtr>
<CdtrAcct>
<Id>
<IBAN>NL10INGB0661065413</IBAN>
</Id>
</CdtrAcct>
<RmtInf>
<Ustrd>Checkno:18054 Docs: 511252</Ustrd>
</RmtInf>
</CdtTrfTxInf>
<CdtTrfTxInf>
<PmtId>
<EndToEndId>400-101-18060</EndToEndId>
</PmtId>
<Amt>
<InstdAmt Ccy="EUR">4188.42</InstdAmt>
</Amt>
<CdtrAgt>
<FinInstnId>
<BIC>RABONL2U</BIC>
</FinInstnId>
</CdtrAgt>
<Cdtr>
<Nm>DE CROMVOIRTSE STAAL SERV</Nm>
<PstlAdr>
<StrtNm>LAARAKKERWEG 18</StrtNm>
<PstCd>5061 JR</PstCd>
<TwnNm>OISTERWIJK</TwnNm>
<Ctry>NL</Ctry>
</PstlAdr>
</Cdtr>
<CdtrAcct>
<Id>
<IBAN>NL43RABO0118109197</IBAN>
</Id>
</CdtrAcct>
<RmtInf>
<Ustrd>Checkno:18060 Docs: 3027868 3024416 3026584 3026587 3026588 3026589 3026591 30263026360</Ustrd>
</RmtInf>
</CdtTrfTxInf>
<CdtTrfTxInf>
<PmtId>
<EndToEndId>400-101-18063</EndToEndId>
</PmtId>
<Amt>
<InstdAmt Ccy="EUR">28.88</InstdAmt>
</Amt>
<CdtrAgt>
<FinInstnId>
<BIC>INGBNL2A</BIC>
</FinInstnId>
</CdtrAgt>
<Cdtr>
<Nm>EBELE BV ROTTERDAM</Nm>
<PstlAdr>
<StrtNm>POSTBUS 5100</StrtNm>
<PstCd>3008 AC</PstCd>
<TwnNm>ROTTERDAM</TwnNm>
<Ctry>NL</Ctry>
</PstlAdr>
</Cdtr>
<CdtrAcct>
<Id>
<IBAN>NL32INGB0657500364</IBAN>
</Id>
</CdtrAcct>
<RmtInf>
<Ustrd>Checkno:18063 Docs: 756985</Ustrd>
</RmtInf>
</CdtTrfTxInf>
<CdtTrfTxInf>
<PmtId>
<EndToEndId>400-101-18071</EndToEndId>
</PmtId>
<Amt>
<InstdAmt Ccy="EUR">908.61</InstdAmt>
</Amt>
<CdtrAgt>
<FinInstnId>
<BIC>RABONL2U</BIC>
</FinInstnId>
</CdtrAgt>
<Cdtr>
<Nm>GENERAL SERVICES HOLLAND BV</Nm>
<PstlAdr>
<StrtNm>BATTENWEG 7a</StrtNm>
<PstCd>6051 AD</PstCd>
<TwnNm>MAASBRACHT</TwnNm>
<Ctry>NL</Ctry>
</PstlAdr>
</Cdtr>
<CdtrAcct>
<Id>
<IBAN>NL05RABO0122226755</IBAN>
</Id>
</CdtrAcct>
<RmtInf>
<Ustrd>Checkno:18071 Docs: 2022020</Ustrd>
</RmtInf>
</CdtTrfTxInf>
<CdtTrfTxInf>
<PmtId>
<EndToEndId>400-101-18087</EndToEndId>
</PmtId>
<Amt>
<InstdAmt Ccy="EUR">602.58</InstdAmt>
</Amt>
<CdtrAgt>
<FinInstnId>
<BIC>INGBNL2A</BIC>
</FinInstnId>
</CdtrAgt>
<Cdtr>
<Nm>MAAS VAN T HOOG BV</Nm>
<PstlAdr>
<StrtNm>EUREGIOWEG 267</StrtNm>
<PstCd>7532 SM</PstCd>
<TwnNm>ENSCHEDE</TwnNm>
<Ctry>NL</Ctry>
</PstlAdr>
</Cdtr>
<CdtrAcct>
<Id>
<IBAN>NL47INGB0669237191</IBAN>
</Id>
</CdtrAcct>
<RmtInf>
<Ustrd>Checkno:18087 Docs: 1464820</Ustrd>
</RmtInf>
</CdtTrfTxInf>
<CdtTrfTxInf>
<PmtId>
<EndToEndId>400-101-18077</EndToEndId>
</PmtId>
<Amt>
<InstdAmt Ccy="EUR">7374.00</InstdAmt>
</Amt>
<CdtrAgt>
<FinInstnId>
<BIC>DEUTDEMM760</BIC>
</FinInstnId>
</CdtrAgt>
<Cdtr>
<Nm>IMO GMBH EN CO. KG</Nm>
<PstlAdr>
<StrtNm>Imostrasse 1</StrtNm>
<PstCd>91350</PstCd>
<TwnNm>GREMSDORF</TwnNm>
<Ctry>DE</Ctry>
</PstlAdr>
</Cdtr>
<CdtrAcct>
<Id>
<IBAN>DE60760700120725224000</IBAN>
</Id>
</CdtrAcct>
<RmtInf>
<Ustrd>Checkno:18077 Docs: 90033037 90033208</Ustrd>
</RmtInf>
</CdtTrfTxInf>
<CdtTrfTxInf>
<PmtId>
<EndToEndId>400-101-18078</EndToEndId>
</PmtId>
<Amt>
<InstdAmt Ccy="EUR">2636.16</InstdAmt>
</Amt>
<CdtrAgt>
<FinInstnId>
<BIC>RABONL2U</BIC>
</FinInstnId>
</CdtrAgt>
<Cdtr>
<Nm>JB HYDRAULICS BV</Nm>
<PstlAdr>
<StrtNm>SPORTLAAN 201</StrtNm>
<PstCd>3364 DK</PstCd>
<TwnNm>SLIEDRECHT</TwnNm>
<Ctry>NL</Ctry>
</PstlAdr>
</Cdtr>
<CdtrAcct>
<Id>
<IBAN>NL91RABO0313868689</IBAN>
</Id>
</CdtrAcct>
<RmtInf>
<Ustrd>Checkno:18078 Docs: 20286791 20288695 20288815</Ustrd>
</RmtInf>
</CdtTrfTxInf>
<CdtTrfTxInf>
<PmtId>
<EndToEndId>400-101-18082</EndToEndId>
</PmtId>
<Amt>
<InstdAmt Ccy="EUR">3092.45</InstdAmt>
</Amt>
<CdtrAgt>
<FinInstnId>
<BIC>KREDBEBB</BIC>
</FinInstnId>
</CdtrAgt>
<Cdtr>
<Nm>KRAMP NEDERLAND BV VARSSE</Nm>
<PstlAdr>
<StrtNm>BREUKELAARWEG 33</StrtNm>
<PstCd>7051 DW</PstCd>
<TwnNm>VARSSEVELD</TwnNm>
<Ctry>NL</Ctry>
</PstlAdr>
</Cdtr>
<CdtrAcct>
<Id>
<IBAN>BE26731045188029</IBAN>
</Id>
</CdtrAcct>
<RmtInf>
<Ustrd>Checkno:18082 Docs: 67485001 67505817 67511045 67511055 67511047 67508317 67460967460939</Ustrd>
</RmtInf>
</CdtTrfTxInf>
<CdtTrfTxInf>
<PmtId>
<EndToEndId>400-101-18083</EndToEndId>
</PmtId>
<Amt>
<InstdAmt Ccy="EUR">2020.10</InstdAmt>
</Amt>
<CdtrAgt>
<FinInstnId>
<BIC>INGBNL2A</BIC>
</FinInstnId>
</CdtrAgt>
<Cdtr>
<Nm>KTR BENELUX BV</Nm>
<PstlAdr>
<StrtNm>OOSTERVELDSINGEL 3</StrtNm>
<PstCd>7558 PJ</PstCd>
<TwnNm>HENGELO (O)</TwnNm>
<Ctry>NL</Ctry>
</PstlAdr>
</Cdtr>
<CdtrAcct>
<Id>
<IBAN>NL60INGB0652376320</IBAN>
</Id>
</CdtrAcct>
<RmtInf>
<Ustrd>Checkno:18083 Docs: 9300154009</Ustrd>
</RmtInf>
</CdtTrfTxInf>
<CdtTrfTxInf>
<PmtId>
<EndToEndId>400-101-18084</EndToEndId>
</PmtId>
<Amt>
<InstdAmt Ccy="EUR">3956.70</InstdAmt>
</Amt>
<CdtrAgt>
<FinInstnId>
<BIC>RABONL2U</BIC>
</FinInstnId>
</CdtrAgt>
<Cdtr>
<Nm>KUHNE INDUSTRIE BV</Nm>
<PstlAdr>
<StrtNm>GILDENSTRAAT 11B</StrtNm>
<PstCd>3861 RG</PstCd>
<TwnNm>NIJKERK</TwnNm>
<Ctry>NL</Ctry>
</PstlAdr>
</Cdtr>
<CdtrAcct>
<Id>
<IBAN>NL07RABO0117874426</IBAN>
</Id>
</CdtrAcct>
<RmtInf>
<Ustrd>Checkno:18084 Docs: 2200052 2200061</Ustrd>
</RmtInf>
</CdtTrfTxInf>
<CdtTrfTxInf>
<PmtId>
<EndToEndId>400-101-18089</EndToEndId>
</PmtId>
<Amt>
<InstdAmt Ccy="EUR">66.55</InstdAmt>
</Amt>
<CdtrAgt>
<FinInstnId>
<BIC>INGBNL2A</BIC>
</FinInstnId>
</CdtrAgt>
<Cdtr>
<Nm>METAALUNIE</Nm>
<PstlAdr>
<StrtNm>POSTBUS 2600</StrtNm>
<PstCd>3430 GA</PstCd>
<TwnNm>NIEUWEGEIN</TwnNm>
<Ctry>NL</Ctry>
</PstlAdr>
</Cdtr>
<CdtrAcct>
<Id>
<IBAN>NL06INGB0687064783</IBAN>
</Id>
</CdtrAcct>
<RmtInf>
<Ustrd>Checkno:18089 Docs: 100220872</Ustrd>
</RmtInf>
</CdtTrfTxInf>
<CdtTrfTxInf>
<PmtId>
<EndToEndId>400-101-18090</EndToEndId>
</PmtId>
<Amt>
<InstdAmt Ccy="EUR">36.10</InstdAmt>
</Amt>
<CdtrAgt>
<FinInstnId>
<BIC>CHASGB2L</BIC>
</FinInstnId>
</CdtrAgt>
<Cdtr>
<Nm>MOUSER ELECTRONICS</Nm>
<PstlAdr>
<StrtNm>1000 NORTH MAIN STREET</StrtNm>
<PstCd>TX 76063</PstCd>
<TwnNm>MANSFIELD</TwnNm>
<Ctry>US</Ctry>
</PstlAdr>
</Cdtr>
<CdtrAcct>
<Id>
<IBAN>GB64CHAS60924240234501</IBAN>
</Id>
</CdtrAcct>
<RmtInf>
<Ustrd>Checkno:18090 Docs: 65720915</Ustrd>
</RmtInf>
</CdtTrfTxInf>
<CdtTrfTxInf>
<PmtId>
<EndToEndId>400-101-18095</EndToEndId>
</PmtId>
<Amt>
<InstdAmt Ccy="EUR">4240.73</InstdAmt>
</Amt>
<CdtrAgt>
<FinInstnId>
<BIC>HSBCNL2A</BIC>
</FinInstnId>
</CdtrAgt>
<Cdtr>
<Nm>PARKER HANNIFIN BV</Nm>
<PstlAdr>
<StrtNm>EDISONSTRAAT 1</StrtNm>
<PstCd>7575 AT</PstCd>
<TwnNm>OLDENZAAL</TwnNm>
<Ctry>NL</Ctry>
</PstlAdr>
</Cdtr>
<CdtrAcct>
<Id>
<IBAN>NL68HSBC0786496231</IBAN>
</Id>
</CdtrAcct>
<RmtInf>
<Ustrd>Checkno:18095 Docs: 51801757 S1 51801758 S1 51802586 S1</Ustrd>
</RmtInf>
</CdtTrfTxInf>
<CdtTrfTxInf>
<PmtId>
<EndToEndId>400-101-18098</EndToEndId>
</PmtId>
<Amt>
<InstdAmt Ccy="EUR">47.01</InstdAmt>
</Amt>
<CdtrAgt>
<FinInstnId>
<BIC>BNPANL2A</BIC>
</FinInstnId>
</CdtrAgt>
<Cdtr>
<Nm>RS COMPONENTS BV</Nm>
<PstlAdr>
<StrtNm>BINGERWEG 19</StrtNm>
<PstCd>2031 AZ</PstCd>
<TwnNm>HAARLEM</TwnNm>
<Ctry>NL</Ctry>
</PstlAdr>
</Cdtr>
<CdtrAcct>
<Id>
<IBAN>NL37BNPA0227668960</IBAN>
</Id>
</CdtrAcct>
<RmtInf>
<Ustrd>Checkno:18098 Docs: 10147436</Ustrd>
</RmtInf>
</CdtTrfTxInf>
<CdtTrfTxInf>
<PmtId>
<EndToEndId>400-101-18101</EndToEndId>
</PmtId>
<Amt>
<InstdAmt Ccy="EUR">160.25</InstdAmt>
</Amt>
<CdtrAgt>
<FinInstnId>
<BIC>DEUTNL2A</BIC>
</FinInstnId>
</CdtrAgt>
<Cdtr>
<Nm>SKF BV</Nm>
<PstlAdr>
<StrtNm>MEIDOORNKADE 14</StrtNm>
<PstCd>3992 AE</PstCd>
<TwnNm>HOUTEN</TwnNm>
<Ctry>NL</Ctry>
</PstlAdr>
</Cdtr>
<CdtrAcct>
<Id>
<IBAN>NL15DEUT0265131286</IBAN>
</Id>
</CdtrAcct>
<RmtInf>
<Ustrd>Checkno:18101 Docs: AB4660243</Ustrd>
</RmtInf>
</CdtTrfTxInf>
<CdtTrfTxInf>
<PmtId>
<EndToEndId>400-101-18104</EndToEndId>
</PmtId>
<Amt>
<InstdAmt Ccy="EUR">1557.58</InstdAmt>
</Amt>
<CdtrAgt>
<FinInstnId>
<BIC>RABONL2U</BIC>
</FinInstnId>
</CdtrAgt>
<Cdtr>
<Nm>TECHNO GAMMA TECHNIEK BV</Nm>
<PstlAdr>
<StrtNm>FLEMINGSTRAAT 22</StrtNm>
<PstCd>1704 SL</PstCd>
<TwnNm>HEERHUGOWAARD</TwnNm>
<Ctry>NL</Ctry>
</PstlAdr>
</Cdtr>
<CdtrAcct>
<Id>
<IBAN>NL68RABO0350580111</IBAN>
</Id>
</CdtrAcct>
<RmtInf>
<Ustrd>Checkno:18104 Docs: 20220072 20220073</Ustrd>
</RmtInf>
</CdtTrfTxInf>
<CdtTrfTxInf>
<PmtId>
<EndToEndId>400-101-18108</EndToEndId>
</PmtId>
<Amt>
<InstdAmt Ccy="EUR">5699.10</InstdAmt>
</Amt>
<CdtrAgt>
<FinInstnId>
<BIC>RABONL2U</BIC>
</FinInstnId>
</CdtrAgt>
<Cdtr>
<Nm>VISIETECH TECHICAL PRODUC</Nm>
<PstlAdr>
<StrtNm>VOLTAWEG 16</StrtNm>
<PstCd>5482 TM</PstCd>
<TwnNm>SCHIJNDEL</TwnNm>
<Ctry>NL</Ctry>
</PstlAdr>
</Cdtr>
<CdtrAcct>
<Id>
<IBAN>NL81RABO0167103407</IBAN>
</Id>
</CdtrAcct>
<RmtInf>
<Ustrd>Checkno:18108 Docs: 20220057</Ustrd>
</RmtInf>
</CdtTrfTxInf>
<CdtTrfTxInf>
<PmtId>
<EndToEndId>400-101-18111</EndToEndId>
</PmtId>
<Amt>
<InstdAmt Ccy="EUR">521.09</InstdAmt>
</Amt>
<CdtrAgt>
<FinInstnId>
<BIC>BOTKNL2A</BIC>
</FinInstnId>
</CdtrAgt>
<Cdtr>
<Nm>Yanmar Europe BV</Nm>
<PstlAdr>
<StrtNm>BRUGPLEIN 11</StrtNm>
<PstCd>1332 BS</PstCd>
<TwnNm>ALMERE</TwnNm>
<Ctry>NL</Ctry>
</PstlAdr>
</Cdtr>
<CdtrAcct>
<Id>
<IBAN>NL86BOTK0635606461</IBAN>
</Id>
</CdtrAcct>
<RmtInf>
<Ustrd>Checkno:18111 Docs: VEN57113 340850</Ustrd>
</RmtInf>
</CdtTrfTxInf>
<CdtTrfTxInf>
<PmtId>
<EndToEndId>400-101-18112</EndToEndId>
</PmtId>
<Amt>
<InstdAmt Ccy="EUR">94.49</InstdAmt>
</Amt>
<CdtrAgt>
<FinInstnId>
<BIC>RABONL2U</BIC>
</FinInstnId>
</CdtrAgt>
<Cdtr>
<Nm>ZUIDBERG TRANSMISSIONS</Nm>
<PstlAdr>
<StrtNm>BUITENVELD 5</StrtNm>
<PstCd>8307 DE</PstCd>
<TwnNm>ENS</TwnNm>
<Ctry>NL</Ctry>
</PstlAdr>
</Cdtr>
<CdtrAcct>
<Id>
<IBAN>NL35RABO0396683835</IBAN>
</Id>
</CdtrAcct>
<RmtInf>
<Ustrd>Checkno:18112 Docs: 32292911</Ustrd>
</RmtInf>
</CdtTrfTxInf>
<CdtTrfTxInf>
<PmtId>
<EndToEndId>400-101-18102</EndToEndId>
</PmtId>
<Amt>
<InstdAmt Ccy="EUR">32.67</InstdAmt>
</Amt>
<CdtrAgt>
<FinInstnId>
<BIC>ABNANL2A</BIC>
</FinInstnId>
</CdtrAgt>
<Cdtr>
<Nm>SOLAR NEDERLAND B.V.</Nm>
<PstlAdr>
<StrtNm>BEEMDSTRAAT 15</StrtNm>
<PstCd>5653 MA</PstCd>
<TwnNm>EINDHOVEN</TwnNm>
<Ctry>NL</Ctry>
</PstlAdr>
</Cdtr>
<CdtrAcct>
<Id>
<IBAN>NL10ABNA0644664029</IBAN>
</Id>
</CdtrAcct>
<RmtInf>
<Ustrd>Checkno:18102 Docs: 2908427335</Ustrd>
</RmtInf>
</CdtTrfTxInf>
<CdtTrfTxInf>
<PmtId>
<EndToEndId>400-101-18052</EndToEndId>
</PmtId>
<Amt>
<InstdAmt Ccy="EUR">755.12</InstdAmt>
</Amt>
<CdtrAgt>
<FinInstnId>
<BIC>RABONL2U</BIC>
</FinInstnId>
</CdtrAgt>
<Cdtr>
<Nm>BLOKLAND NON FERRO B.V.</Nm>
<PstlAdr>
<StrtNm>LELYSTRAAT 106</StrtNm>
<PstCd>3364 AJ</PstCd>
<TwnNm>SLIEDRECHT</TwnNm>
<Ctry>NL</Ctry>
</PstlAdr>
</Cdtr>
<CdtrAcct>
<Id>
<IBAN>NL56RABO0331847299</IBAN>
</Id>
</CdtrAcct>
<RmtInf>
<Ustrd>Checkno:18052 Docs: 20221131</Ustrd>
</RmtInf>
</CdtTrfTxInf>
<CdtTrfTxInf>
<PmtId>
<EndToEndId>400-101-18053</EndToEndId>
</PmtId>
<Amt>
<InstdAmt Ccy="EUR">5989.50</InstdAmt>
</Amt>
<CdtrAgt>
<FinInstnId>
<BIC>RABONL2U</BIC>
</FinInstnId>
</CdtrAgt>
<Cdtr>
<Nm>BODE INDUSTRIELE VERPAKKINGEN BV</Nm>
<PstlAdr>
<StrtNm>NIJVERHEIDSSTRAAT 19-21</StrtNm>
<PstCd>3371 XE</PstCd>
<TwnNm>HARDINXVELD-GIESSEND</TwnNm>
<Ctry>NL</Ctry>
</PstlAdr>
</Cdtr>
<CdtrAcct>
<Id>
<IBAN>NL17RABO0367123312</IBAN>
</Id>
</CdtrAcct>
<RmtInf>
<Ustrd>Checkno:18053 Docs: VF2209-00065</Ustrd>
</RmtInf>
</CdtTrfTxInf>
<CdtTrfTxInf>
<PmtId>
<EndToEndId>400-101-18055</EndToEndId>
</PmtId>
<Amt>
<InstdAmt Ccy="EUR">568.70</InstdAmt>
</Amt>
<CdtrAgt>
<FinInstnId>
<BIC>RABONL2U</BIC>
</FinInstnId>
</CdtrAgt>
<Cdtr>
<Nm>CARNOUD ALARM AUDIO TELECOM</Nm>
<PstlAdr>
<StrtNm>POLSTRAAT 115</StrtNm>
<PstCd>4261 BS</PstCd>
<TwnNm>WIJK EN AALBURG</TwnNm>
<Ctry>NL</Ctry>
</PstlAdr>
</Cdtr>
<CdtrAcct>
<Id>
<IBAN>NL87RABO0364906960</IBAN>
</Id>
</CdtrAcct>
<RmtInf>
<Ustrd>Checkno:18055 Docs: 12003062</Ustrd>
</RmtInf>
</CdtTrfTxInf>
<CdtTrfTxInf>
<PmtId>
<EndToEndId>400-101-18059</EndToEndId>
</PmtId>
<Amt>
<InstdAmt Ccy="EUR">744.15</InstdAmt>
</Amt>
<CdtrAgt>
<FinInstnId>
<BIC>RABONL2U</BIC>
</FinInstnId>
</CdtrAgt>
<Cdtr>
<Nm>DAVECO ACCUVERKOOP B.V.</Nm>
<PstlAdr>
<StrtNm>LEEGHWATERSTRAAT 19</StrtNm>
<PstCd>4251 LM</PstCd>
<TwnNm>WERKENDAM</TwnNm>
<Ctry>NL</Ctry>
</PstlAdr>
</Cdtr>
<CdtrAcct>
<Id>
<IBAN>NL91RABO0398720312</IBAN>
</Id>
</CdtrAcct>
<RmtInf>
<Ustrd>Checkno:18059 Docs: 220045 220072</Ustrd>
</RmtInf>
</CdtTrfTxInf>
<CdtTrfTxInf>
<PmtId>
<EndToEndId>400-101-18062</EndToEndId>
</PmtId>
<Amt>
<InstdAmt Ccy="EUR">1740.59</InstdAmt>
</Amt>
<CdtrAgt>
<FinInstnId>
<BIC>RABONL2U</BIC>
</FinInstnId>
</CdtrAgt>
<Cdtr>
<Nm>DUPORT LUBRICARE B.V.</Nm>
<PstlAdr>
<StrtNm>POSTBUS 149</StrtNm>
<PstCd>7700 AC</PstCd>
<TwnNm>DEDEMSVAART</TwnNm>
<Ctry>NL</Ctry>
</PstlAdr>
</Cdtr>
<CdtrAcct>
<Id>
<IBAN>NL32RABO0354099531</IBAN>
</Id>
</CdtrAcct>
<RmtInf>
<Ustrd>Checkno:18062 Docs: 220005</Ustrd>
</RmtInf>
</CdtTrfTxInf>
<CdtTrfTxInf>
<PmtId>
<EndToEndId>400-101-18064</EndToEndId>
</PmtId>
<Amt>
<InstdAmt Ccy="EUR">820.37</InstdAmt>
</Amt>
<CdtrAgt>
<FinInstnId>
<BIC>INGBNL2A</BIC>
</FinInstnId>
</CdtrAgt>
<Cdtr>
<Nm>ELCO Burners B.V.</Nm>
<PstlAdr>
<StrtNm>MEERPAALWEG 1</StrtNm>
<PstCd>1332 BB</PstCd>
<TwnNm>ALMERE</TwnNm>
<Ctry>NL</Ctry>
</PstlAdr>
</Cdtr>
<CdtrAcct>
<Id>
<IBAN>NL05INGB0654188882</IBAN>
</Id>
</CdtrAcct>
<RmtInf>
<Ustrd>Checkno:18064 Docs: 9807244696</Ustrd>
</RmtInf>
</CdtTrfTxInf>
<CdtTrfTxInf>
<PmtId>
<EndToEndId>400-101-18070</EndToEndId>
</PmtId>
<Amt>
<InstdAmt Ccy="EUR">1878.74</InstdAmt>
</Amt>
<CdtrAgt>
<FinInstnId>
<BIC>ABNANL2A</BIC>
</FinInstnId>
</CdtrAgt>
<Cdtr>
<Nm>GEMEENTE S HERTOGENBOSCH</Nm>
<PstlAdr>
<StrtNm>POSTBUS 12345</StrtNm>
<PstCd>5200 GZ</PstCd>
<TwnNm>'S-HERTOGENBOSCH</TwnNm>
<Ctry>NL</Ctry>
</PstlAdr>
</Cdtr>
<CdtrAcct>
<Id>
<IBAN>NL71ABNA0885408977</IBAN>
</Id>
</CdtrAcct>
<RmtInf>
<Ustrd>Checkno:18070 Docs: 189760</Ustrd>
</RmtInf>
</CdtTrfTxInf>
<CdtTrfTxInf>
<PmtId>
<EndToEndId>400-101-18074</EndToEndId>
</PmtId>
<Amt>
<InstdAmt Ccy="EUR">193.60</InstdAmt>
</Amt>
<CdtrAgt>
<FinInstnId>
<BIC>RABONL2U</BIC>
</FinInstnId>
</CdtrAgt>
<Cdtr>
<Nm>HEUVEL VD B.V. WERKENDAM</Nm>
<PstlAdr>
<StrtNm>SCHANS 41b</StrtNm>
<PstCd>4251 PW</PstCd>
<TwnNm>WERKENDAM</TwnNm>
<Ctry>NL</Ctry>
</PstlAdr>
</Cdtr>
<CdtrAcct>
<Id>
<IBAN>NL47RABO0368752178</IBAN>
</Id>
</CdtrAcct>
<RmtInf>
<Ustrd>Checkno:18074 Docs: 220215</Ustrd>
</RmtInf>
</CdtTrfTxInf>
<CdtTrfTxInf>
<PmtId>
<EndToEndId>400-101-18073</EndToEndId>
</PmtId>
<Amt>
<InstdAmt Ccy="EUR">444.57</InstdAmt>
</Amt>
<CdtrAgt>
<FinInstnId>
<BIC>BNPANL2A</BIC>
</FinInstnId>
</CdtrAgt>
<Cdtr>
<Nm>HELLA BENELUX BV</Nm>
<PstlAdr>
<StrtNm>CELSIUSBAAN 2</StrtNm>
<PstCd>3439 NC</PstCd>
<TwnNm>NIEUWEGEIN</TwnNm>
<Ctry>NL</Ctry>
</PstlAdr>
</Cdtr>
<CdtrAcct>
<Id>
<IBAN>NL44BNPA0227659716</IBAN>
</Id>
</CdtrAcct>
<RmtInf>
<Ustrd>Checkno:18073 Docs: 1021516670</Ustrd>
</RmtInf>
</CdtTrfTxInf>
<CdtTrfTxInf>
<PmtId>
<EndToEndId>400-101-18072</EndToEndId>
</PmtId>
<Amt>
<InstdAmt Ccy="EUR">5021.31</InstdAmt>
</Amt>
<CdtrAgt>
<FinInstnId>
<BIC>RABONL2U</BIC>
</FinInstnId>
</CdtrAgt>
<Cdtr>
<Nm>HAMER INSTALLATIETECHNIEK B.V.</Nm>
<PstlAdr>
<StrtNm>STADHOUDERSMOLENWEG 23</StrtNm>
<PstCd>7317 AV</PstCd>
<TwnNm>APELDOORN</TwnNm>
<Ctry>NL</Ctry>
</PstlAdr>
</Cdtr>
<CdtrAcct>
<Id>
<IBAN>NL09RABO0394083830</IBAN>
</Id>
</CdtrAcct>
<RmtInf>
<Ustrd>Checkno:18072 Docs: PF161093</Ustrd>
</RmtInf>
</CdtTrfTxInf>
<CdtTrfTxInf>
<PmtId>
<EndToEndId>400-101-18066</EndToEndId>
</PmtId>
<Amt>
<InstdAmt Ccy="EUR">405.56</InstdAmt>
</Amt>
<CdtrAgt>
<FinInstnId>
<BIC>RABONL2U</BIC>
</FinInstnId>
</CdtrAgt>
<Cdtr>
<Nm>ENEXIS (VOORHEEN INTERGAS)</Nm>
<PstlAdr>
<StrtNm>MAGISTRATENLAAN 116</StrtNm>
<PstCd>5223 MB</PstCd>
<TwnNm>'S-HERTOGENBOSCH</TwnNm>
<Ctry>NL</Ctry>
</PstlAdr>
</Cdtr>
<CdtrAcct>
<Id>
<IBAN>NL89RABO0307512800</IBAN>
</Id>
</CdtrAcct>
<RmtInf>
<Ustrd>Checkno:18066 Docs: 2168780105</Ustrd>
</RmtInf>
</CdtTrfTxInf>
<CdtTrfTxInf>
<PmtId>
<EndToEndId>400-101-18079</EndToEndId>
</PmtId>
<Amt>
<InstdAmt Ccy="EUR">113.44</InstdAmt>
</Amt>
<CdtrAgt>
<FinInstnId>
<BIC>INGBNL2A</BIC>
</FinInstnId>
</CdtrAgt>
<Cdtr>
<Nm>JC STRAALTECHNIEK BV</Nm>
<PstlAdr>
<StrtNm>VELZENSTRAAT 7</StrtNm>
<PstCd>4251 LJ</PstCd>
<TwnNm>WERKENDAM</TwnNm>
<Ctry>NL</Ctry>
</PstlAdr>
</Cdtr>
<CdtrAcct>
<Id>
<IBAN>NL92INGB0006551975</IBAN>
</Id>
</CdtrAcct>
<RmtInf>
<Ustrd>Checkno:18079 Docs: 2022.00039</Ustrd>
</RmtInf>
</CdtTrfTxInf>
<CdtTrfTxInf>
<PmtId>
<EndToEndId>400-101-18088</EndToEndId>
</PmtId>
<Amt>
<InstdAmt Ccy="EUR">402.93</InstdAmt>
</Amt>
<CdtrAgt>
<FinInstnId>
<BIC>INGBNL2A</BIC>
</FinInstnId>
</CdtrAgt>
<Cdtr>
<Nm>Machinefabriek de Koning B.V.</Nm>
<PstlAdr>
<StrtNm>Transportweg 16</StrtNm>
<PstCd>2421 LS</PstCd>
<TwnNm>NIEUWKOOP</TwnNm>
<Ctry>NL</Ctry>
</PstlAdr>
</Cdtr>
<CdtrAcct>
<Id>
<IBAN>NL54INGB0664049699</IBAN>
</Id>
</CdtrAcct>
<RmtInf>
<Ustrd>Checkno:18088 Docs: 22-005</Ustrd>
</RmtInf>
</CdtTrfTxInf>
<CdtTrfTxInf>
<PmtId>
<EndToEndId>400-101-18097</EndToEndId>
</PmtId>
<Amt>
<InstdAmt Ccy="EUR">42.05</InstdAmt>
</Amt>
<CdtrAgt>
<FinInstnId>
<BIC>ABNANL2A</BIC>
</FinInstnId>
</CdtrAgt>
<Cdtr>
<Nm>REIJNDERS GRAVEER EN LASERTECHNIEK</Nm>
<PstlAdr>
<StrtNm>POSTBUS 422</StrtNm>
<PstCd>4200 AK</PstCd>
<TwnNm>GORINCHEM</TwnNm>
<Ctry>NL</Ctry>
</PstlAdr>
</Cdtr>
<CdtrAcct>
<Id>
<IBAN>NL74ABNA0509810373</IBAN>
</Id>
</CdtrAcct>
<RmtInf>
<Ustrd>Checkno:18097 Docs: 50220293</Ustrd>
</RmtInf>
</CdtTrfTxInf>
<CdtTrfTxInf>
<PmtId>
<EndToEndId>400-101-18105</EndToEndId>
</PmtId>
<Amt>
<InstdAmt Ccy="EUR">717.84</InstdAmt>
</Amt>
<CdtrAgt>
<FinInstnId>
<BIC>RABONL2U</BIC>
</FinInstnId>
</CdtrAgt>
<Cdtr>
<Nm>THOVIP B.V. KUNSTSTOFPRODUCTEN</Nm>
<PstlAdr>
<StrtNm>JULIANASTRAAT 10</StrtNm>
<PstCd>5932 FH</PstCd>
<TwnNm>TEGELEN</TwnNm>
<Ctry>NL</Ctry>
</PstlAdr>
</Cdtr>
<CdtrAcct>
<Id>
<IBAN>NL47RABO0153812109</IBAN>
</Id>
</CdtrAcct>
<RmtInf>
<Ustrd>Checkno:18105 Docs: VF-2200509 VF-2200584</Ustrd>
</RmtInf>
</CdtTrfTxInf>
<CdtTrfTxInf>
<PmtId>
<EndToEndId>400-101-18061</EndToEndId>
</PmtId>
<Amt>
<InstdAmt Ccy="EUR">38.36</InstdAmt>
</Amt>
<CdtrAgt>
<FinInstnId>
<BIC>RABONL2U</BIC>
</FinInstnId>
</CdtrAgt>
<Cdtr>
<Nm>DE WILDKAMP</Nm>
<PstlAdr>
<StrtNm>POSTBUS 93</StrtNm>
<PstCd>7700 AB</PstCd>
<TwnNm>DEDEMSVAART</TwnNm>
<Ctry>NL</Ctry>
</PstlAdr>
</Cdtr>
<CdtrAcct>
<Id>
<IBAN>NL73RABO0348902794</IBAN>
</Id>
</CdtrAcct>
<RmtInf>
<Ustrd>Checkno:18061 Docs: VF1003871606</Ustrd>
</RmtInf>
</CdtTrfTxInf>
<CdtTrfTxInf>
<PmtId>
<EndToEndId>400-101-18065</EndToEndId>
</PmtId>
<Amt>
<InstdAmt Ccy="EUR">127.27</InstdAmt>
</Amt>
<CdtrAgt>
<FinInstnId>
<BIC>ABNANL2A</BIC>
</FinInstnId>
</CdtrAgt>
<Cdtr>
<Nm>ELEKTROLAS LASTECHNIEK BV</Nm>
<PstlAdr>
<StrtNm>GOMPENSTRAAT 9</StrtNm>
<PstCd>5145 RM</PstCd>
<TwnNm>WAALWIJK</TwnNm>
<Ctry>NL</Ctry>
</PstlAdr>
</Cdtr>
<CdtrAcct>
<Id>
<IBAN>NL78ABNA0534458874</IBAN>
</Id>
</CdtrAcct>
<RmtInf>
<Ustrd>Checkno:18065 Docs: 2200758</Ustrd>
</RmtInf>
</CdtTrfTxInf>
<CdtTrfTxInf>
<PmtId>
<EndToEndId>400-101-18067</EndToEndId>
</PmtId>
<Amt>
<InstdAmt Ccy="EUR">1322.87</InstdAmt>
</Amt>
<CdtrAgt>
<FinInstnId>
<BIC>INGBNL2AXXX</BIC>
</FinInstnId>
</CdtrAgt>
<Cdtr>
<Nm>FEDEX</Nm>
<PstlAdr>
<StrtNm>POSTBUS 75123</StrtNm>
<PstCd>1117 ZR</PstCd>
<TwnNm>SCHIPHOL</TwnNm>
<Ctry>NL</Ctry>
</PstlAdr>
</Cdtr>
<CdtrAcct>
<Id>
<IBAN>NL79INGB0000851907</IBAN>
</Id>
</CdtrAcct>
<RmtInf>
<Ustrd>Checkno:18067 Docs: 12129713 12129712 12129711</Ustrd>
</RmtInf>
</CdtTrfTxInf>
<CdtTrfTxInf>
<PmtId>
<EndToEndId>400-101-18086</EndToEndId>
</PmtId>
<Amt>
<InstdAmt Ccy="EUR">1731.51</InstdAmt>
</Amt>
<CdtrAgt>
<FinInstnId>
<BIC>KNABNL2H</BIC>
</FinInstnId>
</CdtrAgt>
<Cdtr>
<Nm>LUWE TRADING V.O.F.</Nm>
<PstlAdr>
<StrtNm>COLONNADE 20</StrtNm>
<PstCd>7609 ZW</PstCd>
<TwnNm>ALMELO</TwnNm>
<Ctry>NL</Ctry>
</PstlAdr>
</Cdtr>
<CdtrAcct>
<Id>
<IBAN>NL50KNAB0722637365</IBAN>
</Id>
</CdtrAcct>
<RmtInf>
<Ustrd>Checkno:18086 Docs: 202240015</Ustrd>
</RmtInf>
</CdtTrfTxInf>
<CdtTrfTxInf>
<PmtId>
<EndToEndId>400-101-18081</EndToEndId>
</PmtId>
<Amt>
<InstdAmt Ccy="EUR">2120.05</InstdAmt>
</Amt>
<CdtrAgt>
<FinInstnId>
<BIC>DEUTDEMM</BIC>
</FinInstnId>
</CdtrAgt>
<Cdtr>
<Nm>KELLER EN KALMBACH GMBH</Nm>
<PstlAdr>
<StrtNm>SIEMENSSTRASSEE 19</StrtNm>
<PstCd>D-85716</PstCd>
<TwnNm>UNTERSCHLEISSHEIM</TwnNm>
<Ctry>DE</Ctry>
</PstlAdr>
</Cdtr>
<CdtrAcct>
<Id>
<IBAN>DE44700700100692030000</IBAN>
</Id>
</CdtrAcct>
<RmtInf>
<Ustrd>Checkno:18081 Docs: 7430560 7477091</Ustrd>
</RmtInf>
</CdtTrfTxInf>
<CdtTrfTxInf>
<PmtId>
<EndToEndId>400-101-18094</EndToEndId>
</PmtId>
<Amt>
<InstdAmt Ccy="EUR">546.32</InstdAmt>
</Amt>
<CdtrAgt>
<FinInstnId>
<BIC>RABONL2U</BIC>
</FinInstnId>
</CdtrAgt>
<Cdtr>
<Nm>OUDSHOORN HYDRAULICS</Nm>
<PstlAdr>
<StrtNm>JAAP BIJZERWEG 18</StrtNm>
<PstCd>3446 CR</PstCd>
<TwnNm>WOERDEN</TwnNm>
<Ctry>NL</Ctry>
</PstlAdr>
</Cdtr>
<CdtrAcct>
<Id>
<IBAN>NL88RABO0131529501</IBAN>
</Id>
</CdtrAcct>
<RmtInf>
<Ustrd>Checkno:18094 Docs: 12200099 12200098</Ustrd>
</RmtInf>
</CdtTrfTxInf>
<CdtTrfTxInf>
<PmtId>
<EndToEndId>400-101-18109</EndToEndId>
</PmtId>
<Amt>
<InstdAmt Ccy="EUR">1293.91</InstdAmt>
</Amt>
<CdtrAgt>
<FinInstnId>
<BIC>RABONL2U</BIC>
</FinInstnId>
</CdtrAgt>
<Cdtr>
<Nm>WERELDS IN MENS EN WERK</Nm>
<PstlAdr>
<StrtNm>VICTORIALAAN 15</StrtNm>
<PstCd>5213 JG</PstCd>
<TwnNm>'S-HERTOGENBOSCH</TwnNm>
<Ctry>NL</Ctry>
</PstlAdr>
</Cdtr>
<CdtrAcct>
<Id>
<IBAN>NL47RABO0112002102</IBAN>
</Id>
</CdtrAcct>
<RmtInf>
<Ustrd>Checkno:18109 Docs: 2022-226</Ustrd>
</RmtInf>
</CdtTrfTxInf>
<CdtTrfTxInf>
<PmtId>
<EndToEndId>400-101-18093</EndToEndId>
</PmtId>
<Amt>
<InstdAmt Ccy="EUR">1739.22</InstdAmt>
</Amt>
<CdtrAgt>
<FinInstnId>
<BIC>RABONL2U</BIC>
</FinInstnId>
</CdtrAgt>
<Cdtr>
<Nm>NIGHT STAR EXPRESS HELLMANN B.V.</Nm>
<PstlAdr>
<StrtNm>LOGISTIEKSTRAAT 4</StrtNm>
<PstCd>7041 KH</PstCd>
<TwnNm>'S-HEERENBERG</TwnNm>
<Ctry>NL</Ctry>
</PstlAdr>
</Cdtr>
<CdtrAcct>
<Id>
<IBAN>NL08RABO0116380705</IBAN>
</Id>
</CdtrAcct>
<RmtInf>
<Ustrd>Checkno:18093 Docs: 21198309 21198406</Ustrd>
</RmtInf>
</CdtTrfTxInf>
<CdtTrfTxInf>
<PmtId>
<EndToEndId>400-101-18080</EndToEndId>
</PmtId>
<Amt>
<InstdAmt Ccy="EUR">3428.12</InstdAmt>
</Amt>
<CdtrAgt>
<FinInstnId>
<BIC>RABONL2U</BIC>
</FinInstnId>
</CdtrAgt>
<Cdtr>
<Nm>KEES DE VAAN</Nm>
<PstlAdr>
<StrtNm>GROTE KERKSTRAAT 35</StrtNm>
<PstCd>4261 BB</PstCd>
<TwnNm>WIJK EN AALBURG</TwnNm>
<Ctry>NL</Ctry>
</PstlAdr>
</Cdtr>
<CdtrAcct>
<Id>
<IBAN>NL37RABO0373316305</IBAN>
</Id>
</CdtrAcct>
<RmtInf>
<Ustrd>Checkno:18080 Docs: 220469</Ustrd>
</RmtInf>
</CdtTrfTxInf>
<CdtTrfTxInf>
<PmtId>
<EndToEndId>400-101-18107</EndToEndId>
</PmtId>
<Amt>
<InstdAmt Ccy="EUR">422.29</InstdAmt>
</Amt>
<CdtrAgt>
<FinInstnId>
<BIC>RABONL2U</BIC>
</FinInstnId>
</CdtrAgt>
<Cdtr>
<Nm>Van der Giessen B.V.</Nm>
<PstlAdr>
<StrtNm>Hulsenboschstraat 4</StrtNm>
<PstCd>4251 LP</PstCd>
<TwnNm>WERKENDAM</TwnNm>
<Ctry>NL</Ctry>
</PstlAdr>
</Cdtr>
<CdtrAcct>
<Id>
<IBAN>NL42RABO0368757021</IBAN>
</Id>
</CdtrAcct>
<RmtInf>
<Ustrd>Checkno:18107 Docs: 20220037</Ustrd>
</RmtInf>
</CdtTrfTxInf>
<CdtTrfTxInf>
<PmtId>
<EndToEndId>400-101-18100</EndToEndId>
</PmtId>
<Amt>
<InstdAmt Ccy="EUR">2328.80</InstdAmt>
</Amt>
<CdtrAgt>
<FinInstnId>
<BIC></BIC>
</FinInstnId>
</CdtrAgt>
<Cdtr>
<Nm>Seijer Bolk Techniek</Nm>
<PstlAdr>
<StrtNm>Jan Coolenhof 19</StrtNm>
<PstCd>5311 GP</PstCd>
<TwnNm>GAMEREN</TwnNm>
<Ctry>NL</Ctry>
</PstlAdr>
</Cdtr>
<CdtrAcct>
<Id>
<IBAN>NL52RBRB0777955393</IBAN>
</Id>
</CdtrAcct>
<RmtInf>
<Ustrd>Checkno:18100 Docs: 2022-101974</Ustrd>
</RmtInf>
</CdtTrfTxInf>
<CdtTrfTxInf>
<PmtId>
<EndToEndId>400-101-18068</EndToEndId>
</PmtId>
<Amt>
<InstdAmt Ccy="EUR">8820.00</InstdAmt>
</Amt>
<CdtrAgt>
<FinInstnId>
<BIC>TUBDDEDD</BIC>
</FinInstnId>
</CdtrAgt>
<Cdtr>
<Nm>Flexxaire INC</Nm>
<PstlAdr>
<StrtNm>180 Street NW</StrtNm>
<PstCd>10430</PstCd>
<TwnNm>EDMONTON</TwnNm>
<Ctry>CA</Ctry>
</PstlAdr>
</Cdtr>
<CdtrAcct>
<Id>
<IBAN>DE39300308801888289018</IBAN>
</Id>
</CdtrAcct>
<RmtInf>
<Ustrd>Checkno:18068 Docs: 71170</Ustrd>
</RmtInf>
</CdtTrfTxInf>
<CdtTrfTxInf>
<PmtId>
<EndToEndId>400-101-18092</EndToEndId>
</PmtId>
<Amt>
<InstdAmt Ccy="EUR">1460.00</InstdAmt>
</Amt>
<CdtrAgt>
<FinInstnId>
<BIC>KNABNL2H</BIC>
</FinInstnId>
</CdtrAgt>
<Cdtr>
<Nm>NCKS METALS</Nm>
<PstlAdr>
<StrtNm>ZANDSTEEG 4</StrtNm>
<PstCd>4255 SH</PstCd>
<TwnNm>NIEUWENDIJK</TwnNm>
<Ctry>NL</Ctry>
</PstlAdr>
</Cdtr>
<CdtrAcct>
<Id>
<IBAN>NL08KNAB0258215313</IBAN>
</Id>
</CdtrAcct>
<RmtInf>
<Ustrd>Checkno:18092 Docs: 2022007</Ustrd>
</RmtInf>
</CdtTrfTxInf>
<CdtTrfTxInf>
<PmtId>
<EndToEndId>400-101-18051</EndToEndId>
</PmtId>
<Amt>
<InstdAmt Ccy="EUR">499.27</InstdAmt>
</Amt>
<CdtrAgt>
<FinInstnId>
<BIC>BCVAIT2V</BIC>
</FinInstnId>
</CdtrAgt>
<Cdtr>
<Nm>Bertima Macchine Agricole</Nm>
<PstlAdr>
<StrtNm>Via Musi 1/A-3</StrtNm>
<PstCd>37042</PstCd>
<TwnNm>CALDIERO VERONA</TwnNm>
<Ctry>IT</Ctry>
</PstlAdr>
</Cdtr>
<CdtrAcct>
<Id>
<IBAN>IT40S0511659751000000000548</IBAN>
</Id>
</CdtrAcct>
<RmtInf>
<Ustrd>Checkno:18051 Docs: 99</Ustrd>
</RmtInf>
</CdtTrfTxInf>
<CdtTrfTxInf>
<PmtId>
<EndToEndId>400-101-18085</EndToEndId>
</PmtId>
<Amt>
<InstdAmt Ccy="EUR">15.89</InstdAmt>
</Amt>
<CdtrAgt>
<FinInstnId>
<BIC>ABNANL2A</BIC>
</FinInstnId>
</CdtrAgt>
<Cdtr>
<Nm>LUNCHROOM VAN ALLES WAT</Nm>
<PstlAdr>
<StrtNm>SPORTLAAN 5</StrtNm>
<PstCd>4286 ES</PstCd>
<TwnNm>ALMKERK</TwnNm>
<Ctry>NL</Ctry>
</PstlAdr>
</Cdtr>
<CdtrAcct>
<Id>
<IBAN>NL49ABNA0860051730</IBAN>
</Id>
</CdtrAcct>
<RmtInf>
<Ustrd>Checkno:18085 Docs: 22700064</Ustrd>
</RmtInf>
</CdtTrfTxInf>
<CdtTrfTxInf>
<PmtId>
<EndToEndId>400-101-18096</EndToEndId>
</PmtId>
<Amt>
<InstdAmt Ccy="EUR">57.70</InstdAmt>
</Amt>
<CdtrAgt>
<FinInstnId>
<BIC>RABONL2U</BIC>
</FinInstnId>
</CdtrAgt>
<Cdtr>
<Nm>RECONI BV</Nm>
<PstlAdr>
<StrtNm>Zuiddijk 384C</StrtNm>
<PstCd>1505 HE</PstCd>
<TwnNm>ZAANDAM</TwnNm>
<Ctry>NL</Ctry>
</PstlAdr>
</Cdtr>
<CdtrAcct>
<Id>
<IBAN>NL85RABO0302365761</IBAN>
</Id>
</CdtrAcct>
<RmtInf>
<Ustrd>Checkno:18096 Docs: 546381</Ustrd>
</RmtInf>
</CdtTrfTxInf>
<CdtTrfTxInf>
<PmtId>
<EndToEndId>400-101-18057</EndToEndId>
</PmtId>
<Amt>
<InstdAmt Ccy="EUR">2321.79</InstdAmt>
</Amt>
<CdtrAgt>
<FinInstnId>
<BIC>ABNANL2A</BIC>
</FinInstnId>
</CdtrAgt>
<Cdtr>
<Nm>COATINC PREGA NL B.V.</Nm>
<PstlAdr>
<StrtNm>BOVENSTEWEG 58</StrtNm>
<PstCd>6585 KD</PstCd>
<TwnNm>MOOK</TwnNm>
<Ctry>NL</Ctry>
</PstlAdr>
</Cdtr>
<CdtrAcct>
<Id>
<IBAN>NL11ABNA0405320779</IBAN>
</Id>
</CdtrAcct>
<RmtInf>
<Ustrd>Checkno:18057 Docs: 469012083 469012097</Ustrd>
</RmtInf>
</CdtTrfTxInf>
<CdtTrfTxInf>
<PmtId>
<EndToEndId>400-101-18091</EndToEndId>
</PmtId>
<Amt>
<InstdAmt Ccy="EUR">1179.75</InstdAmt>
</Amt>
<CdtrAgt>
<FinInstnId>
<BIC>RABONL2U</BIC>
</FinInstnId>
</CdtrAgt>
<Cdtr>
<Nm>MVP SERVICES</Nm>
<PstlAdr>
<StrtNm>BROEKGRAAF 6</StrtNm>
<PstCd>4286 LW</PstCd>
<TwnNm>ALMKERK</TwnNm>
<Ctry>NL</Ctry>
</PstlAdr>
</Cdtr>
<CdtrAcct>
<Id>
<IBAN>NL05RABO0367396971</IBAN>
</Id>
</CdtrAcct>
<RmtInf>
<Ustrd>Checkno:18091 Docs: 2021063</Ustrd>
</RmtInf>
</CdtTrfTxInf>
<CdtTrfTxInf>
<PmtId>
<EndToEndId>400-101-18075</EndToEndId>
</PmtId>
<Amt>
<InstdAmt Ccy="EUR">851.64</InstdAmt>
</Amt>
<CdtrAgt>
<FinInstnId>
<BIC>INGBNL2A</BIC>
</FinInstnId>
</CdtrAgt>
<Cdtr>
<Nm>HST SEA AND AIRFREIGHT B.V.</Nm>
<PstlAdr>
<StrtNm>TRANSPORTCENTRUM 21</StrtNm>
<PstCd>7547 RT</PstCd>
<TwnNm>ENSCHEDE</TwnNm>
<Ctry>NL</Ctry>
</PstlAdr>
</Cdtr>
<CdtrAcct>
<Id>
<IBAN>NL18INGB0676890334</IBAN>
</Id>
</CdtrAcct>
<RmtInf>
<Ustrd>Checkno:18075 Docs: VS2201138</Ustrd>
</RmtInf>
</CdtTrfTxInf>
<CdtTrfTxInf>
<PmtId>
<EndToEndId>400-101-18058</EndToEndId>
</PmtId>
<Amt>
<InstdAmt Ccy="EUR">654.30</InstdAmt>
</Amt>
<CdtrAgt>
<FinInstnId>
<BIC>KREDNL2X</BIC>
</FinInstnId>
</CdtrAgt>
<Cdtr>
<Nm>COVEBO TECHNIEK</Nm>
<PstlAdr>
<StrtNm>KUBUS 170</StrtNm>
<PstCd>3364 DG</PstCd>
<TwnNm>SLIEDRECHT</TwnNm>
<Ctry>NL</Ctry>
</PstlAdr>
</Cdtr>
<CdtrAcct>
<Id>
<IBAN>NL92KRED0633021776</IBAN>
</Id>
</CdtrAcct>
<RmtInf>
<Ustrd>Checkno:18058 Docs: T2201469</Ustrd>
</RmtInf>
</CdtTrfTxInf>
<CdtTrfTxInf>
<PmtId>
<EndToEndId>400-101-18103</EndToEndId>
</PmtId>
<Amt>
<InstdAmt Ccy="EUR">8593.87</InstdAmt>
</Amt>
<CdtrAgt>
<FinInstnId>
<BIC>INGBNL2A</BIC>
</FinInstnId>
</CdtrAgt>
<Cdtr>
<Nm>SPIE MACHINEBOUW</Nm>
<PstlAdr>
<StrtNm>COPERNICUSSTRAAT 9b</StrtNm>
<PstCd>6003 DE</PstCd>
<TwnNm>WEERT</TwnNm>
<Ctry>NL</Ctry>
</PstlAdr>
</Cdtr>
<CdtrAcct>
<Id>
<IBAN>NL58INGB0688478883</IBAN>
</Id>
</CdtrAcct>
<RmtInf>
<Ustrd>Checkno:18103 Docs: 22200259 22200258</Ustrd>
</RmtInf>
</CdtTrfTxInf>
<CdtTrfTxInf>
<PmtId>
<EndToEndId>400-101-18056</EndToEndId>
</PmtId>
<Amt>
<InstdAmt Ccy="EUR">28380.13</InstdAmt>
</Amt>
<CdtrAgt>
<FinInstnId>
<BIC>INGBPLPW</BIC>
</FinInstnId>
</CdtrAgt>
<Cdtr>
<Nm>Certus SP. z.o.o.</Nm>
<PstlAdr>
<StrtNm>ul. Wspolna 14a</StrtNm>
<PstCd>32 300</PstCd>
<TwnNm>OLKUSZ</TwnNm>
<Ctry>PL</Ctry>
</PstlAdr>
</Cdtr>
<CdtrAcct>
<Id>
<IBAN>PL50105014451000002328312455</IBAN>
</Id>
</CdtrAcct>
<RmtInf>
<Ustrd>Checkno:18056 Docs: FA/37/01/2022/WDT FA/36/01/2022/WDT FA/35/01/2022/WDT FA/34/FA/31/01/202</Ustrd>
</RmtInf>
</CdtTrfTxInf>
<CdtTrfTxInf>
<PmtId>
<EndToEndId>400-101-18069</EndToEndId>
</PmtId>
<Amt>
<InstdAmt Ccy="EUR">3557.90</InstdAmt>
</Amt>
<CdtrAgt>
<FinInstnId>
<BIC>CITIPLPX</BIC>
</FinInstnId>
</CdtrAgt>
<Cdtr>
<Nm>FPHU Euro Expert</Nm>
<PstlAdr>
<StrtNm>Osiedle Sienkiewiczka 11/7</StrtNm>
<PstCd>32-020</PstCd>
<TwnNm>WIELICZKA</TwnNm>
<Ctry>PL</Ctry>
</PstlAdr>
</Cdtr>
<CdtrAcct>
<Id>
<IBAN>PL10103000190109786010096138</IBAN>
</Id>
</CdtrAcct>
<RmtInf>
<Ustrd>Checkno:18069 Docs: EXP 2/01/2022/SLE</Ustrd>
</RmtInf>
</CdtTrfTxInf>
<CdtTrfTxInf>
<PmtId>
<EndToEndId>400-101-18110</EndToEndId>
</PmtId>
<Amt>
<InstdAmt Ccy="EUR">451.81</InstdAmt>
</Amt>
<CdtrAgt>
<FinInstnId>
<BIC>DABAPLPW</BIC>
</FinInstnId>
</CdtrAgt>
<Cdtr>
<Nm>White Drive Motors en Steering sp</Nm>
<PstlAdr>
<StrtNm>Logistyczna 1</StrtNm>
<PstCd>55-040</PstCd>
<TwnNm>Bielany Wroclawskie</TwnNm>
<Ctry>PL</Ctry>
</PstlAdr>
</Cdtr>
<CdtrAcct>
<Id>
<IBAN>PL75236000050000004550148803</IBAN>
</Id>
</CdtrAcct>
<RmtInf>
<Ustrd>Checkno:18110 Docs: 75005738</Ustrd>
</RmtInf>
</CdtTrfTxInf>
<CdtTrfTxInf>
<PmtId>
<EndToEndId>400-101-18076</EndToEndId>
</PmtId>
<Amt>
<InstdAmt Ccy="EUR">812.20</InstdAmt>
</Amt>
<CdtrAgt>
<FinInstnId>
<BIC>HYVEDEMM432</BIC>
</FinInstnId>
</CdtrAgt>
<Cdtr>
<Nm>Hydac Technology GmbH</Nm>
<PstlAdr>
<StrtNm>Industriegebiet</StrtNm>
<PstCd>D-66280</PstCd>
<TwnNm>SULZBACH</TwnNm>
<Ctry>DE</Ctry>
</PstlAdr>
</Cdtr>
<CdtrAcct>
<Id>
<IBAN>DE77590200900353568213</IBAN>
</Id>
</CdtrAcct>
<RmtInf>
<Ustrd>Checkno:18076 Docs: 9301646327</Ustrd>
</RmtInf>
</CdtTrfTxInf>
<CdtTrfTxInf>
<PmtId>
<EndToEndId>400-101-18106</EndToEndId>
</PmtId>
<Amt>
<InstdAmt Ccy="EUR">3182.02</InstdAmt>
</Amt>
<CdtrAgt>
<FinInstnId>
<BIC>RABONL2U</BIC>
</FinInstnId>
</CdtrAgt>
<Cdtr>
<Nm>TMP COATINGS B.V.</Nm>
<PstlAdr>
<StrtNm>VIJZELWEG 15E</StrtNm>
<PstCd>5145 NK</PstCd>
<TwnNm>WAALWIJK</TwnNm>
<Ctry>NL</Ctry>
</PstlAdr>
</Cdtr>
<CdtrAcct>
<Id>
<IBAN>NL04RABO0310173973</IBAN>
</Id>
</CdtrAcct>
<RmtInf>
<Ustrd>Checkno:18106 Docs: 220056 220057 220107</Ustrd>
</RmtInf>
</CdtTrfTxInf>
<CdtTrfTxInf>
<PmtId>
<EndToEndId>400-101-18099</EndToEndId>
</PmtId>
<Amt>
<InstdAmt Ccy="EUR">221.45</InstdAmt>
</Amt>
<CdtrAgt>
<FinInstnId>
<BIC>RABONL2U</BIC>
</FinInstnId>
</CdtrAgt>
<Cdtr>
<Nm>S. Nap</Nm>
<PstlAdr>
<StrtNm>Defensie eiland 105</StrtNm>
<PstCd>3441 VG</PstCd>
<TwnNm>Woerden</TwnNm>
<Ctry>NL</Ctry>
</PstlAdr>
</Cdtr>
<CdtrAcct>
<Id>
<IBAN>NL84RABO0119662108</IBAN>
</Id>
</CdtrAcct>
<RmtInf>
<Ustrd>Checkno:18099 Docs: Decl. 18022022</Ustrd>
</RmtInf>
</CdtTrfTxInf>
</PmtInf>
</CstmrCdtTrfInitn>
</Document>
