<?xml version="1.0" encoding="UTF-8"?>
<Document xmlns:xsi="http://www.w3.org/2001/XMLSchema-instance" xmlns="urn:iso:std:iso:20022:tech:xsd:pain.001.001.03">
<CstmrCdtTrfInitn>
<GrpHdr>
<MsgId>101 2022-04-02-14:56:48</MsgId>
<CreDtTm>2022-03-31T14:56:48</CreDtTm>
<NbOfTxs>88</NbOfTxs>
<CtrlSum>254035.48</CtrlSum>
<InitgPty>
<Nm>CONVER BV</Nm>
</InitgPty>
</GrpHdr>
<PmtInf>
<PmtInfId>400-101-2022-04-02-</PmtInfId>
<PmtMtd>TRF</PmtMtd>
<BtchBookg>true</BtchBookg>
<PmtTpInf>
<SvcLvl>
<Cd>SEPA</Cd>
</SvcLvl>
</PmtTpInf>
<ReqdExctnDt>2022-04-02</ReqdExctnDt>
<Dbtr>
<Nm>CONVER BV</Nm>
</Dbtr>
<DbtrAcct>
<Id>
<IBAN>NL17RABO0156214466</IBAN>
</Id>
</DbtrAcct>
<DbtrAgt>
<FinInstnId>
<BIC>RABONL2U</BIC>
</FinInstnId>
</DbtrAgt>
<CdtTrfTxInf>
<PmtId>
<EndToEndId>400-101-18552</EndToEndId>
</PmtId>
<Amt>
<InstdAmt Ccy="EUR">1680.39</InstdAmt>
</Amt>
<CdtrAgt>
<FinInstnId>
<BIC>ABNANL2A</BIC>
</FinInstnId>
</CdtrAgt>
<Cdtr>
<Nm>ATLANTIC FLUID TECHN BV</Nm>
<PstlAdr>
<StrtNm>AMPERESTRAAT 4</StrtNm>
<PstCd>2181 HB</PstCd>
<TwnNm>HILLEGOM</TwnNm>
<Ctry>NL</Ctry>
</PstlAdr>
</Cdtr>
<CdtrAcct>
<Id>
<IBAN>NL66ABNA0623466678</IBAN>
</Id>
</CdtrAcct>
<RmtInf>
<Ustrd>Checkno:18552 Docs: 2250408</Ustrd>
</RmtInf>
</CdtTrfTxInf>
<CdtTrfTxInf>
<PmtId>
<EndToEndId>400-101-18554</EndToEndId>
</PmtId>
<Amt>
<InstdAmt Ccy="EUR">9401.24</InstdAmt>
</Amt>
<CdtrAgt>
<FinInstnId>
<BIC>ABNANL2A</BIC>
</FinInstnId>
</CdtrAgt>
<Cdtr>
<Nm>Bol Adviseurs</Nm>
<PstlAdr>
<StrtNm>Spoorstraat 73</StrtNm>
<PstCd>5830 AC</PstCd>
<TwnNm>BOXMEER</TwnNm>
<Ctry>NL</Ctry>
</PstlAdr>
</Cdtr>
<CdtrAcct>
<Id>
<IBAN>NL55ABNA0231600747</IBAN>
</Id>
</CdtrAcct>
<RmtInf>
<Ustrd>Checkno:18554 Docs: 338743</Ustrd>
</RmtInf>
</CdtTrfTxInf>
<CdtTrfTxInf>
<PmtId>
<EndToEndId>400-101-18560</EndToEndId>
</PmtId>
<Amt>
<InstdAmt Ccy="EUR">15608.87</InstdAmt>
</Amt>
<CdtrAgt>
<FinInstnId>
<BIC>RABONL2U</BIC>
</FinInstnId>
</CdtrAgt>
<Cdtr>
<Nm>DE CROMVOIRTSE STAAL SERV</Nm>
<PstlAdr>
<StrtNm>LAARAKKERWEG 18</StrtNm>
<PstCd>5061 JR</PstCd>
<TwnNm>OISTERWIJK</TwnNm>
<Ctry>NL</Ctry>
</PstlAdr>
</Cdtr>
<CdtrAcct>
<Id>
<IBAN>NL43RABO0118109197</IBAN>
</Id>
</CdtrAcct>
<RmtInf>
<Ustrd>Checkno:18560 Docs: 3028781 3024360 3028652 3028654 3028653 3028655 3028658 30283028665</Ustrd>
</RmtInf>
</CdtTrfTxInf>
<CdtTrfTxInf>
<PmtId>
<EndToEndId>400-101-18567</EndToEndId>
</PmtId>
<Amt>
<InstdAmt Ccy="EUR">76.23</InstdAmt>
</Amt>
<CdtrAgt>
<FinInstnId>
<BIC>INGBNL2A</BIC>
</FinInstnId>
</CdtrAgt>
<Cdtr>
<Nm>EBELE BV ROTTERDAM</Nm>
<PstlAdr>
<StrtNm>POSTBUS 5100</StrtNm>
<PstCd>3008 AC</PstCd>
<TwnNm>ROTTERDAM</TwnNm>
<Ctry>NL</Ctry>
</PstlAdr>
</Cdtr>
<CdtrAcct>
<Id>
<IBAN>NL32INGB0657500364</IBAN>
</Id>
</CdtrAcct>
<RmtInf>
<Ustrd>Checkno:18567 Docs: 759563</Ustrd>
</RmtInf>
</CdtTrfTxInf>
<CdtTrfTxInf>
<PmtId>
<EndToEndId>400-101-18573</EndToEndId>
</PmtId>
<Amt>
<InstdAmt Ccy="EUR">3922.89</InstdAmt>
</Amt>
<CdtrAgt>
<FinInstnId>
<BIC>WELADED1ENE</BIC>
</FinInstnId>
</CdtrAgt>
<Cdtr>
<Nm>ESM ENNEPETALER SCHN/MAEHTECH</Nm>
<PstlAdr>
<StrtNm>POSTFACH 1228</StrtNm>
<PstCd>58241</PstCd>
<TwnNm>ENNEPETAL</TwnNm>
<Ctry>DE</Ctry>
</PstlAdr>
</Cdtr>
<CdtrAcct>
<Id>
<IBAN>DE68454510600000011858</IBAN>
</Id>
</CdtrAcct>
<RmtInf>
<Ustrd>Checkno:18573 Docs: 2241108 2241109 2241110</Ustrd>
</RmtInf>
</CdtTrfTxInf>
<CdtTrfTxInf>
<PmtId>
<EndToEndId>400-101-18579</EndToEndId>
</PmtId>
<Amt>
<InstdAmt Ccy="EUR">6171.20</InstdAmt>
</Amt>
<CdtrAgt>
<FinInstnId>
<BIC>WELADED1WML</BIC>
</FinInstnId>
</CdtrAgt>
<Cdtr>
<Nm>H. GEWING GMBH</Nm>
<PstlAdr>
<StrtNm>AM BAHNDAMM 30</StrtNm>
<PstCd>48683</PstCd>
<TwnNm>AHAUS</TwnNm>
<Ctry>DE</Ctry>
</PstlAdr>
</Cdtr>
<CdtrAcct>
<Id>
<IBAN>DE72401545300051026870</IBAN>
</Id>
</CdtrAcct>
<RmtInf>
<Ustrd>Checkno:18579 Docs: 140241426</Ustrd>
</RmtInf>
</CdtTrfTxInf>
<CdtTrfTxInf>
<PmtId>
<EndToEndId>400-101-18581</EndToEndId>
</PmtId>
<Amt>
<InstdAmt Ccy="EUR">2235.72</InstdAmt>
</Amt>
<CdtrAgt>
<FinInstnId>
<BIC>RABONL2U</BIC>
</FinInstnId>
</CdtrAgt>
<Cdtr>
<Nm>HELDER TELECOM</Nm>
<PstlAdr>
<StrtNm>SCHUTWEG 15</StrtNm>
<PstCd>5145 NP</PstCd>
<TwnNm>WAALWIJK</TwnNm>
<Ctry>NL</Ctry>
</PstlAdr>
</Cdtr>
<CdtrAcct>
<Id>
<IBAN>NL20RABO0136167713</IBAN>
</Id>
</CdtrAcct>
<RmtInf>
<Ustrd>Checkno:18581 Docs: 22001212</Ustrd>
</RmtInf>
</CdtTrfTxInf>
<CdtTrfTxInf>
<PmtId>
<EndToEndId>400-101-18576</EndToEndId>
</PmtId>
<Amt>
<InstdAmt Ccy="EUR">114.95</InstdAmt>
</Amt>
<CdtrAgt>
<FinInstnId>
<BIC>KREDBEBB</BIC>
</FinInstnId>
</CdtrAgt>
<Cdtr>
<Nm>FORREZ INTERNATIONAL N.V.</Nm>
<PstlAdr>
<StrtNm>MIDDELKAMSEWEG 7</StrtNm>
<PstCd>8900 BE</PstCd>
<TwnNm>IEPER</TwnNm>
<Ctry>BE</Ctry>
</PstlAdr>
</Cdtr>
<CdtrAcct>
<Id>
<IBAN>BE41738027314010</IBAN>
</Id>
</CdtrAcct>
<RmtInf>
<Ustrd>Checkno:18576 Docs: 8200099</Ustrd>
</RmtInf>
</CdtTrfTxInf>
<CdtTrfTxInf>
<PmtId>
<EndToEndId>400-101-18589</EndToEndId>
</PmtId>
<Amt>
<InstdAmt Ccy="EUR">713.17</InstdAmt>
</Amt>
<CdtrAgt>
<FinInstnId>
<BIC>ABNANL2A</BIC>
</FinInstnId>
</CdtrAgt>
<Cdtr>
<Nm>HYDRAUVISION COMPONENTS BV</Nm>
<PstlAdr>
<StrtNm>JADE 410</StrtNm>
<PstCd>3316 LJ</PstCd>
<TwnNm>DORDRECHT</TwnNm>
<Ctry>NL</Ctry>
</PstlAdr>
</Cdtr>
<CdtrAcct>
<Id>
<IBAN>NL75ABNA0413717984</IBAN>
</Id>
</CdtrAcct>
<RmtInf>
<Ustrd>Checkno:18589 Docs: 9106011277</Ustrd>
</RmtInf>
</CdtTrfTxInf>
<CdtTrfTxInf>
<PmtId>
<EndToEndId>400-101-18591</EndToEndId>
</PmtId>
<Amt>
<InstdAmt Ccy="EUR">1097.01</InstdAmt>
</Amt>
<CdtrAgt>
<FinInstnId>
<BIC>RABONL2U</BIC>
</FinInstnId>
</CdtrAgt>
<Cdtr>
<Nm>JB HYDRAULICS BV</Nm>
<PstlAdr>
<StrtNm>SPORTLAAN 201</StrtNm>
<PstCd>3364 DK</PstCd>
<TwnNm>SLIEDRECHT</TwnNm>
<Ctry>NL</Ctry>
</PstlAdr>
</Cdtr>
<CdtrAcct>
<Id>
<IBAN>NL91RABO0313868689</IBAN>
</Id>
</CdtrAcct>
<RmtInf>
<Ustrd>Checkno:18591 Docs: 20290428 20290551 20290648</Ustrd>
</RmtInf>
</CdtTrfTxInf>
<CdtTrfTxInf>
<PmtId>
<EndToEndId>400-101-18593</EndToEndId>
</PmtId>
<Amt>
<InstdAmt Ccy="EUR">7158.61</InstdAmt>
</Amt>
<CdtrAgt>
<FinInstnId>
<BIC>KREDBEBB</BIC>
</FinInstnId>
</CdtrAgt>
<Cdtr>
<Nm>KRAMP NEDERLAND BV VARSSE</Nm>
<PstlAdr>
<StrtNm>BREUKELAARWEG 33</StrtNm>
<PstCd>7051 DW</PstCd>
<TwnNm>VARSSEVELD</TwnNm>
<Ctry>NL</Ctry>
</PstlAdr>
</Cdtr>
<CdtrAcct>
<Id>
<IBAN>BE26731045188029</IBAN>
</Id>
</CdtrAcct>
<RmtInf>
<Ustrd>Checkno:18593 Docs: 67548879 67548881 67548887 67548901 67548900 67548899 675507675</Ustrd>
</RmtInf>
</CdtTrfTxInf>
<CdtTrfTxInf>
<PmtId>
<EndToEndId>400-101-18596</EndToEndId>
</PmtId>
<Amt>
<InstdAmt Ccy="EUR">1061.78</InstdAmt>
</Amt>
<CdtrAgt>
<FinInstnId>
<BIC>RABONL2U</BIC>
</FinInstnId>
</CdtrAgt>
<Cdtr>
<Nm>LEXWOOD LEGAL</Nm>
<PstlAdr>
<StrtNm>TECHNIEKWEG 15</StrtNm>
<PstCd>4207 HC</PstCd>
<TwnNm>GORINCHEM</TwnNm>
<Ctry>NL</Ctry>
</PstlAdr>
</Cdtr>
<CdtrAcct>
<Id>
<IBAN>NL71RABO0140547800</IBAN>
</Id>
</CdtrAcct>
<RmtInf>
<Ustrd>Checkno:18596 Docs: 101665</Ustrd>
</RmtInf>
</CdtTrfTxInf>
<CdtTrfTxInf>
<PmtId>
<EndToEndId>400-101-18602</EndToEndId>
</PmtId>
<Amt>
<InstdAmt Ccy="EUR">222.15</InstdAmt>
</Amt>
<CdtrAgt>
<FinInstnId>
<BIC>COBADEFFXXX</BIC>
</FinInstnId>
</CdtrAgt>
<Cdtr>
<Nm>MOUSER ELECTRONICS</Nm>
<PstlAdr>
<StrtNm>1000 NORTH MAIN STREET</StrtNm>
<PstCd>TX 76063</PstCd>
<TwnNm>MANSFIELD</TwnNm>
<Ctry>US</Ctry>
</PstlAdr>
</Cdtr>
<CdtrAcct>
<Id>
<IBAN>DE37700400410212647200</IBAN>
</Id>
</CdtrAcct>
<RmtInf>
<Ustrd>Checkno:18602 Docs: 66279825 66257749</Ustrd>
</RmtInf>
</CdtTrfTxInf>
<CdtTrfTxInf>
<PmtId>
<EndToEndId>400-101-18609</EndToEndId>
</PmtId>
<Amt>
<InstdAmt Ccy="EUR">8382.84</InstdAmt>
</Amt>
<CdtrAgt>
<FinInstnId>
<BIC>HSBCNL2A</BIC>
</FinInstnId>
</CdtrAgt>
<Cdtr>
<Nm>PARKER HANNIFIN BV</Nm>
<PstlAdr>
<StrtNm>EDISONSTRAAT 1</StrtNm>
<PstCd>7575 AT</PstCd>
<TwnNm>OLDENZAAL</TwnNm>
<Ctry>NL</Ctry>
</PstlAdr>
</Cdtr>
<CdtrAcct>
<Id>
<IBAN>NL68HSBC0786496231</IBAN>
</Id>
</CdtrAcct>
<RmtInf>
<Ustrd>Checkno:18609 Docs: 50943291 51808237 51808238 51808454 51808455 51808766 51809051809337</Ustrd>
</RmtInf>
</CdtTrfTxInf>
<CdtTrfTxInf>
<PmtId>
<EndToEndId>400-101-18608</EndToEndId>
</PmtId>
<Amt>
<InstdAmt Ccy="EUR">967.73</InstdAmt>
</Amt>
<CdtrAgt>
<FinInstnId>
<BIC>RABONL2U</BIC>
</FinInstnId>
</CdtrAgt>
<Cdtr>
<Nm>P EN G SAFETY</Nm>
<PstlAdr>
<StrtNm>Rondgang 26</StrtNm>
<PstCd>5311 PB</PstCd>
<TwnNm>GAMEREN</TwnNm>
<Ctry>NL</Ctry>
</PstlAdr>
</Cdtr>
<CdtrAcct>
<Id>
<IBAN>NL67RABO0114956944</IBAN>
</Id>
</CdtrAcct>
<RmtInf>
<Ustrd>Checkno:18608 Docs: 202220647</Ustrd>
</RmtInf>
</CdtTrfTxInf>
<CdtTrfTxInf>
<PmtId>
<EndToEndId>400-101-18611</EndToEndId>
</PmtId>
<Amt>
<InstdAmt Ccy="EUR">137.49</InstdAmt>
</Amt>
<CdtrAgt>
<FinInstnId>
<BIC>INGBNL2A</BIC>
</FinInstnId>
</CdtrAgt>
<Cdtr>
<Nm>PROTEMPO BV</Nm>
<PstlAdr>
<StrtNm>POSTBUS 21</StrtNm>
<PstCd>6500 AA</PstCd>
<TwnNm>NIJMEGEN</TwnNm>
<Ctry>NL</Ctry>
</PstlAdr>
</Cdtr>
<CdtrAcct>
<Id>
<IBAN>NL43INGB0003243993</IBAN>
</Id>
</CdtrAcct>
<RmtInf>
<Ustrd>Checkno:18611 Docs: IP1392893</Ustrd>
</RmtInf>
</CdtTrfTxInf>
<CdtTrfTxInf>
<PmtId>
<EndToEndId>400-101-18559</EndToEndId>
</PmtId>
<Amt>
<InstdAmt Ccy="EUR">7794.65</InstdAmt>
</Amt>
<CdtrAgt>
<FinInstnId>
<BIC>BNPANL2A</BIC>
</FinInstnId>
</CdtrAgt>
<Cdtr>
<Nm>DANFOSS POWER SOLUTIONS B.V.</Nm>
<PstlAdr>
<StrtNm>VARESEWEG 105</StrtNm>
<PstCd>3047 AT</PstCd>
<TwnNm>ROTTERDAM</TwnNm>
<Ctry>NL</Ctry>
</PstlAdr>
</Cdtr>
<CdtrAcct>
<Id>
<IBAN>NL57BNPA0227667824</IBAN>
</Id>
</CdtrAcct>
<RmtInf>
<Ustrd>Checkno:18559 Docs: 75000585 75000599 75000645 75000685 75000754 75000755</Ustrd>
</RmtInf>
</CdtTrfTxInf>
<CdtTrfTxInf>
<PmtId>
<EndToEndId>400-101-18621</EndToEndId>
</PmtId>
<Amt>
<InstdAmt Ccy="EUR">2006.74</InstdAmt>
</Amt>
<CdtrAgt>
<FinInstnId>
<BIC>DEUTNL2A</BIC>
</FinInstnId>
</CdtrAgt>
<Cdtr>
<Nm>SKF BV</Nm>
<PstlAdr>
<StrtNm>MEIDOORNKADE 14</StrtNm>
<PstCd>3992 AE</PstCd>
<TwnNm>HOUTEN</TwnNm>
<Ctry>NL</Ctry>
</PstlAdr>
</Cdtr>
<CdtrAcct>
<Id>
<IBAN>NL15DEUT0265131286</IBAN>
</Id>
</CdtrAcct>
<RmtInf>
<Ustrd>Checkno:18621 Docs: AB4662908</Ustrd>
</RmtInf>
</CdtTrfTxInf>
<CdtTrfTxInf>
<PmtId>
<EndToEndId>400-101-18630</EndToEndId>
</PmtId>
<Amt>
<InstdAmt Ccy="EUR">17808.96</InstdAmt>
</Amt>
<CdtrAgt>
<FinInstnId>
<BIC>RABONL2U</BIC>
</FinInstnId>
</CdtrAgt>
<Cdtr>
<Nm>VISIETECH TECHICAL PRODUC</Nm>
<PstlAdr>
<StrtNm>VOLTAWEG 16</StrtNm>
<PstCd>5482 TM</PstCd>
<TwnNm>SCHIJNDEL</TwnNm>
<Ctry>NL</Ctry>
</PstlAdr>
</Cdtr>
<CdtrAcct>
<Id>
<IBAN>NL81RABO0167103407</IBAN>
</Id>
</CdtrAcct>
<RmtInf>
<Ustrd>Checkno:18630 Docs: 0020220349 0020220354 0020220353</Ustrd>
</RmtInf>
</CdtTrfTxInf>
<CdtTrfTxInf>
<PmtId>
<EndToEndId>400-101-18631</EndToEndId>
</PmtId>
<Amt>
<InstdAmt Ccy="EUR">207.82</InstdAmt>
</Amt>
<CdtrAgt>
<FinInstnId>
<BIC>ABNANL2A</BIC>
</FinInstnId>
</CdtrAgt>
<Cdtr>
<Nm>VRB FRIESLAND BV</Nm>
<PstlAdr>
<StrtNm>JUNOKADE 1</StrtNm>
<PstCd>8938 AB</PstCd>
<TwnNm>LEEUWARDEN</TwnNm>
<Ctry>NL</Ctry>
</PstlAdr>
</Cdtr>
<CdtrAcct>
<Id>
<IBAN>NL25ABNA0536828083</IBAN>
</Id>
</CdtrAcct>
<RmtInf>
<Ustrd>Checkno:18631 Docs: VF803467</Ustrd>
</RmtInf>
</CdtTrfTxInf>
<CdtTrfTxInf>
<PmtId>
<EndToEndId>400-101-18632</EndToEndId>
</PmtId>
<Amt>
<InstdAmt Ccy="EUR">863.21</InstdAmt>
</Amt>
<CdtrAgt>
<FinInstnId>
<BIC>BOTKNL2A</BIC>
</FinInstnId>
</CdtrAgt>
<Cdtr>
<Nm>Yanmar Europe BV</Nm>
<PstlAdr>
<StrtNm>BRUGPLEIN 11</StrtNm>
<PstCd>1332 BS</PstCd>
<TwnNm>ALMERE</TwnNm>
<Ctry>NL</Ctry>
</PstlAdr>
</Cdtr>
<CdtrAcct>
<Id>
<IBAN>NL86BOTK0635606461</IBAN>
</Id>
</CdtrAcct>
<RmtInf>
<Ustrd>Checkno:18632 Docs: VEN75734</Ustrd>
</RmtInf>
</CdtTrfTxInf>
<CdtTrfTxInf>
<PmtId>
<EndToEndId>400-101-18546</EndToEndId>
</PmtId>
<Amt>
<InstdAmt Ccy="EUR">2389.75</InstdAmt>
</Amt>
<CdtrAgt>
<FinInstnId>
<BIC>RABONL2U</BIC>
</FinInstnId>
</CdtrAgt>
<Cdtr>
<Nm>APEQ WIWA BV</Nm>
<PstlAdr>
<StrtNm>RIJKSSTRAATWEG 123</StrtNm>
<PstCd>3316 EG</PstCd>
<TwnNm>DORDRECHT</TwnNm>
<Ctry>NL</Ctry>
</PstlAdr>
</Cdtr>
<CdtrAcct>
<Id>
<IBAN>NL84RABO0123784123</IBAN>
</Id>
</CdtrAcct>
<RmtInf>
<Ustrd>Checkno:18546 Docs: 22700320</Ustrd>
</RmtInf>
</CdtTrfTxInf>
<CdtTrfTxInf>
<PmtId>
<EndToEndId>400-101-18622</EndToEndId>
</PmtId>
<Amt>
<InstdAmt Ccy="EUR">302.87</InstdAmt>
</Amt>
<CdtrAgt>
<FinInstnId>
<BIC>ABNANL2A</BIC>
</FinInstnId>
</CdtrAgt>
<Cdtr>
<Nm>SOLAR NEDERLAND B.V.</Nm>
<PstlAdr>
<StrtNm>BEEMDSTRAAT 15</StrtNm>
<PstCd>5653 MA</PstCd>
<TwnNm>EINDHOVEN</TwnNm>
<Ctry>NL</Ctry>
</PstlAdr>
</Cdtr>
<CdtrAcct>
<Id>
<IBAN>NL10ABNA0644664029</IBAN>
</Id>
</CdtrAcct>
<RmtInf>
<Ustrd>Checkno:18622 Docs: 2908513325 2908517936 2908523209</Ustrd>
</RmtInf>
</CdtTrfTxInf>
<CdtTrfTxInf>
<PmtId>
<EndToEndId>400-101-18566</EndToEndId>
</PmtId>
<Amt>
<InstdAmt Ccy="EUR">246.88</InstdAmt>
</Amt>
<CdtrAgt>
<FinInstnId>
<BIC>RABONL2U</BIC>
</FinInstnId>
</CdtrAgt>
<Cdtr>
<Nm>DSN KANTOORSERVICE</Nm>
<PstlAdr>
<StrtNm>PIETER ZEEMANWEG 71-73</StrtNm>
<PstCd>3316 GZ</PstCd>
<TwnNm>DORDRECHT</TwnNm>
<Ctry>NL</Ctry>
</PstlAdr>
</Cdtr>
<CdtrAcct>
<Id>
<IBAN>NL19RABO0395308275</IBAN>
</Id>
</CdtrAcct>
<RmtInf>
<Ustrd>Checkno:18566 Docs: F2202524</Ustrd>
</RmtInf>
</CdtTrfTxInf>
<CdtTrfTxInf>
<PmtId>
<EndToEndId>400-101-18562</EndToEndId>
</PmtId>
<Amt>
<InstdAmt Ccy="EUR">326.70</InstdAmt>
</Amt>
<CdtrAgt>
<FinInstnId>
<BIC>RABONL2U</BIC>
</FinInstnId>
</CdtrAgt>
<Cdtr>
<Nm>DG RUBBER HOLLAND</Nm>
<PstlAdr>
<StrtNm>MELKRIJDER 14</StrtNm>
<PstCd>3861 SG</PstCd>
<TwnNm>NIJKERK</TwnNm>
<Ctry>NL</Ctry>
</PstlAdr>
</Cdtr>
<CdtrAcct>
<Id>
<IBAN>NL74RABO0377813044</IBAN>
</Id>
</CdtrAcct>
<RmtInf>
<Ustrd>Checkno:18562 Docs: 2202067</Ustrd>
</RmtInf>
</CdtTrfTxInf>
<CdtTrfTxInf>
<PmtId>
<EndToEndId>400-101-18574</EndToEndId>
</PmtId>
<Amt>
<InstdAmt Ccy="EUR">2372.72</InstdAmt>
</Amt>
<CdtrAgt>
<FinInstnId>
<BIC>RABONL2U</BIC>
</FinInstnId>
</CdtrAgt>
<Cdtr>
<Nm>EXALTO B.V.</Nm>
<PstlAdr>
<StrtNm>POSTBUS 40</StrtNm>
<PstCd>3370 AA</PstCd>
<TwnNm>HARDINXVELD-GIESSEND</TwnNm>
<Ctry>NL</Ctry>
</PstlAdr>
</Cdtr>
<CdtrAcct>
<Id>
<IBAN>NL97RABO0325003793</IBAN>
</Id>
</CdtrAcct>
<RmtInf>
<Ustrd>Checkno:18574 Docs: EF2203444 EF2203458 EF2203790</Ustrd>
</RmtInf>
</CdtTrfTxInf>
<CdtTrfTxInf>
<PmtId>
<EndToEndId>400-101-18568</EndToEndId>
</PmtId>
<Amt>
<InstdAmt Ccy="EUR">1899.70</InstdAmt>
</Amt>
<CdtrAgt>
<FinInstnId>
<BIC>RABONL2U</BIC>
</FinInstnId>
</CdtrAgt>
<Cdtr>
<Nm>EBLO SEATING B.V.</Nm>
<PstlAdr>
<StrtNm>SCHRIJNWERKERSSTRAAT 10</StrtNm>
<PstCd>3334 KH</PstCd>
<TwnNm>ZWIJNDRECHT</TwnNm>
<Ctry>NL</Ctry>
</PstlAdr>
</Cdtr>
<CdtrAcct>
<Id>
<IBAN>NL52RABO0333781260</IBAN>
</Id>
</CdtrAcct>
<RmtInf>
<Ustrd>Checkno:18568 Docs: 2201816</Ustrd>
</RmtInf>
</CdtTrfTxInf>
<CdtTrfTxInf>
<PmtId>
<EndToEndId>400-101-18571</EndToEndId>
</PmtId>
<Amt>
<InstdAmt Ccy="EUR">408.25</InstdAmt>
</Amt>
<CdtrAgt>
<FinInstnId>
<BIC>RABONL2U</BIC>
</FinInstnId>
</CdtrAgt>
<Cdtr>
<Nm>ERIKS BV</Nm>
<PstlAdr>
<StrtNm>POSTBUS 280</StrtNm>
<PstCd>1800 BK</PstCd>
<TwnNm>ALKMAAR</TwnNm>
<Ctry>NL</Ctry>
</PstlAdr>
</Cdtr>
<CdtrAcct>
<Id>
<IBAN>NL16RABO0100921574</IBAN>
</Id>
</CdtrAcct>
<RmtInf>
<Ustrd>Checkno:18571 Docs: 9109362413</Ustrd>
</RmtInf>
</CdtTrfTxInf>
<CdtTrfTxInf>
<PmtId>
<EndToEndId>400-101-18570</EndToEndId>
</PmtId>
<Amt>
<InstdAmt Ccy="EUR">1359.44</InstdAmt>
</Amt>
<CdtrAgt>
<FinInstnId>
<BIC>ABNANL2A</BIC>
</FinInstnId>
</CdtrAgt>
<Cdtr>
<Nm>ENDENBURG BV</Nm>
<PstlAdr>
<StrtNm>POSTBUS 252</StrtNm>
<PstCd>2800 AG</PstCd>
<TwnNm>GOUDA</TwnNm>
<Ctry>NL</Ctry>
</PstlAdr>
</Cdtr>
<CdtrAcct>
<Id>
<IBAN>NL78ABNA0414928490</IBAN>
</Id>
</CdtrAcct>
<RmtInf>
<Ustrd>Checkno:18570 Docs: VF22-0327</Ustrd>
</RmtInf>
</CdtTrfTxInf>
<CdtTrfTxInf>
<PmtId>
<EndToEndId>400-101-18584</EndToEndId>
</PmtId>
<Amt>
<InstdAmt Ccy="EUR">793.40</InstdAmt>
</Amt>
<CdtrAgt>
<FinInstnId>
<BIC>ABNANL2A</BIC>
</FinInstnId>
</CdtrAgt>
<Cdtr>
<Nm>HESSELS ZEEFBANDEN BV</Nm>
<PstlAdr>
<StrtNm>HALTEWEG 10</StrtNm>
<PstCd>9677 RH</PstCd>
<TwnNm>HEILIGERLEE</TwnNm>
<Ctry>NL</Ctry>
</PstlAdr>
</Cdtr>
<CdtrAcct>
<Id>
<IBAN>NL02ABNA0574525025</IBAN>
</Id>
</CdtrAcct>
<RmtInf>
<Ustrd>Checkno:18584 Docs: 166223</Ustrd>
</RmtInf>
</CdtTrfTxInf>
<CdtTrfTxInf>
<PmtId>
<EndToEndId>400-101-18583</EndToEndId>
</PmtId>
<Amt>
<InstdAmt Ccy="EUR">901.42</InstdAmt>
</Amt>
<CdtrAgt>
<FinInstnId>
<BIC>ABNANL2A</BIC>
</FinInstnId>
</CdtrAgt>
<Cdtr>
<Nm>HELMACAB HOLLAND BV</Nm>
<PstlAdr>
<StrtNm>GRIENDWEG 72</StrtNm>
<PstCd>4209 DB</PstCd>
<TwnNm>SCHELLUINEN</TwnNm>
<Ctry>NL</Ctry>
</PstlAdr>
</Cdtr>
<CdtrAcct>
<Id>
<IBAN>NL82ABNA0531743578</IBAN>
</Id>
</CdtrAcct>
<RmtInf>
<Ustrd>Checkno:18583 Docs: 2202047 2200996 2201138</Ustrd>
</RmtInf>
</CdtTrfTxInf>
<CdtTrfTxInf>
<PmtId>
<EndToEndId>400-101-18580</EndToEndId>
</PmtId>
<Amt>
<InstdAmt Ccy="EUR">10362.42</InstdAmt>
</Amt>
<CdtrAgt>
<FinInstnId>
<BIC>RABONL2U</BIC>
</FinInstnId>
</CdtrAgt>
<Cdtr>
<Nm>HAMER INSTALLATIETECHNIEK B.V.</Nm>
<PstlAdr>
<StrtNm>STADHOUDERSMOLENWEG 23</StrtNm>
<PstCd>7317 AV</PstCd>
<TwnNm>APELDOORN</TwnNm>
<Ctry>NL</Ctry>
</PstlAdr>
</Cdtr>
<CdtrAcct>
<Id>
<IBAN>NL09RABO0394083830</IBAN>
</Id>
</CdtrAcct>
<RmtInf>
<Ustrd>Checkno:18580 Docs: PF162025 PF162026</Ustrd>
</RmtInf>
</CdtTrfTxInf>
<CdtTrfTxInf>
<PmtId>
<EndToEndId>400-101-18606</EndToEndId>
</PmtId>
<Amt>
<InstdAmt Ccy="EUR">839.62</InstdAmt>
</Amt>
<CdtrAgt>
<FinInstnId>
<BIC>ABNANL2A</BIC>
</FinInstnId>
</CdtrAgt>
<Cdtr>
<Nm>ONKENHOUT EN ONKENHOUT B.V.</Nm>
<PstlAdr>
<StrtNm>POSTBUS 66</StrtNm>
<PstCd>1110 AB</PstCd>
<TwnNm>DIEMEN</TwnNm>
<Ctry>NL</Ctry>
</PstlAdr>
</Cdtr>
<CdtrAcct>
<Id>
<IBAN>NL16ABNA0435065157</IBAN>
</Id>
</CdtrAcct>
<RmtInf>
<Ustrd>Checkno:18606 Docs: VF2312921</Ustrd>
</RmtInf>
</CdtTrfTxInf>
<CdtTrfTxInf>
<PmtId>
<EndToEndId>400-101-18610</EndToEndId>
</PmtId>
<Amt>
<InstdAmt Ccy="EUR">1117.60</InstdAmt>
</Amt>
<CdtrAgt>
<FinInstnId>
<BIC>SOGENL2A</BIC>
</FinInstnId>
</CdtrAgt>
<Cdtr>
<Nm>POCLAIN HYDRAULICS BENELUX B.V.</Nm>
<PstlAdr>
<StrtNm>Bredaseweg 191a</StrtNm>
<PstCd>4872 LA</PstCd>
<TwnNm>ETTEN-LEUR</TwnNm>
<Ctry>NL</Ctry>
</PstlAdr>
</Cdtr>
<CdtrAcct>
<Id>
<IBAN>NL54SOGE0270211225</IBAN>
</Id>
</CdtrAcct>
<RmtInf>
<Ustrd>Checkno:18610 Docs: 22-000282</Ustrd>
</RmtInf>
</CdtTrfTxInf>
<CdtTrfTxInf>
<PmtId>
<EndToEndId>400-101-18616</EndToEndId>
</PmtId>
<Amt>
<InstdAmt Ccy="EUR">134.55</InstdAmt>
</Amt>
<CdtrAgt>
<FinInstnId>
<BIC>INGBNL2A</BIC>
</FinInstnId>
</CdtrAgt>
<Cdtr>
<Nm>RSH B.V.</Nm>
<PstlAdr>
<StrtNm>POSTBUS 76</StrtNm>
<PstCd>2180 AB</PstCd>
<TwnNm>HILLEGOM</TwnNm>
<Ctry>NL</Ctry>
</PstlAdr>
</Cdtr>
<CdtrAcct>
<Id>
<IBAN>NL66INGB0655064567</IBAN>
</Id>
</CdtrAcct>
<RmtInf>
<Ustrd>Checkno:18616 Docs: VF22-1081</Ustrd>
</RmtInf>
</CdtTrfTxInf>
<CdtTrfTxInf>
<PmtId>
<EndToEndId>400-101-18620</EndToEndId>
</PmtId>
<Amt>
<InstdAmt Ccy="EUR">1197.67</InstdAmt>
</Amt>
<CdtrAgt>
<FinInstnId>
<BIC>RABONL2U</BIC>
</FinInstnId>
</CdtrAgt>
<Cdtr>
<Nm>SIM HOLLAND B.V.</Nm>
<PstlAdr>
<StrtNm>TRAPEZIUM 250</StrtNm>
<PstCd>3364 DL</PstCd>
<TwnNm>SLIEDRECHT</TwnNm>
<Ctry>NL</Ctry>
</PstlAdr>
</Cdtr>
<CdtrAcct>
<Id>
<IBAN>NL08RABO0378108530</IBAN>
</Id>
</CdtrAcct>
<RmtInf>
<Ustrd>Checkno:18620 Docs: 202230440 202230450</Ustrd>
</RmtInf>
</CdtTrfTxInf>
<CdtTrfTxInf>
<PmtId>
<EndToEndId>400-101-18628</EndToEndId>
</PmtId>
<Amt>
<InstdAmt Ccy="EUR">446.57</InstdAmt>
</Amt>
<CdtrAgt>
<FinInstnId>
<BIC>ABNANL2A</BIC>
</FinInstnId>
</CdtrAgt>
<Cdtr>
<Nm>VERHOEVEN GRONDVERZETMACHINES B.V.</Nm>
<PstlAdr>
<StrtNm>DEN ENGELSMAN 2</StrtNm>
<PstCd>6026 RB</PstCd>
<TwnNm>MAARHEEZE</TwnNm>
<Ctry>NL</Ctry>
</PstlAdr>
</Cdtr>
<CdtrAcct>
<Id>
<IBAN>NL36ABNA0404753655</IBAN>
</Id>
</CdtrAcct>
<RmtInf>
<Ustrd>Checkno:18628 Docs: V5-201902</Ustrd>
</RmtInf>
</CdtTrfTxInf>
<CdtTrfTxInf>
<PmtId>
<EndToEndId>400-101-18569</EndToEndId>
</PmtId>
<Amt>
<InstdAmt Ccy="EUR">3075.31</InstdAmt>
</Amt>
<CdtrAgt>
<FinInstnId>
<BIC>ABNANL2A</BIC>
</FinInstnId>
</CdtrAgt>
<Cdtr>
<Nm>ELEKTROLAS LASTECHNIEK BV</Nm>
<PstlAdr>
<StrtNm>GOMPENSTRAAT 9</StrtNm>
<PstCd>5145 RM</PstCd>
<TwnNm>WAALWIJK</TwnNm>
<Ctry>NL</Ctry>
</PstlAdr>
</Cdtr>
<CdtrAcct>
<Id>
<IBAN>NL78ABNA0534458874</IBAN>
</Id>
</CdtrAcct>
<RmtInf>
<Ustrd>Checkno:18569 Docs: 2201693 2201694 2201695 2201690 2201692 2109193 2109189</Ustrd>
</RmtInf>
</CdtTrfTxInf>
<CdtTrfTxInf>
<PmtId>
<EndToEndId>400-101-18564</EndToEndId>
</PmtId>
<Amt>
<InstdAmt Ccy="EUR">82.46</InstdAmt>
</Amt>
<CdtrAgt>
<FinInstnId>
<BIC>RABONL2U</BIC>
</FinInstnId>
</CdtrAgt>
<Cdtr>
<Nm>DRABBE BV</Nm>
<PstlAdr>
<StrtNm>GILDEWEG 4</StrtNm>
<PstCd>2632 BA</PstCd>
<TwnNm>NOOTDORP</TwnNm>
<Ctry>NL</Ctry>
</PstlAdr>
</Cdtr>
<CdtrAcct>
<Id>
<IBAN>NL41RABO0143420704</IBAN>
</Id>
</CdtrAcct>
<RmtInf>
<Ustrd>Checkno:18564 Docs: 476214</Ustrd>
</RmtInf>
</CdtTrfTxInf>
<CdtTrfTxInf>
<PmtId>
<EndToEndId>400-101-18575</EndToEndId>
</PmtId>
<Amt>
<InstdAmt Ccy="EUR">1428.14</InstdAmt>
</Amt>
<CdtrAgt>
<FinInstnId>
<BIC>INGBNL2AXXX</BIC>
</FinInstnId>
</CdtrAgt>
<Cdtr>
<Nm>FEDEX</Nm>
<PstlAdr>
<StrtNm>POSTBUS 75123</StrtNm>
<PstCd>1117 ZR</PstCd>
<TwnNm>SCHIPHOL</TwnNm>
<Ctry>NL</Ctry>
</PstlAdr>
</Cdtr>
<CdtrAcct>
<Id>
<IBAN>NL79INGB0000851907</IBAN>
</Id>
</CdtrAcct>
<RmtInf>
<Ustrd>Checkno:18575 Docs: 12182299 12182298 12182300</Ustrd>
</RmtInf>
</CdtTrfTxInf>
<CdtTrfTxInf>
<PmtId>
<EndToEndId>400-101-18629</EndToEndId>
</PmtId>
<Amt>
<InstdAmt Ccy="EUR">223.75</InstdAmt>
</Amt>
<CdtrAgt>
<FinInstnId>
<BIC>RABONL2U</BIC>
</FinInstnId>
</CdtrAgt>
<Cdtr>
<Nm>VERSCHUUR VERSPANINGSTECHNIEK</Nm>
<PstlAdr>
<StrtNm>BAGIJNHOF 44</StrtNm>
<PstCd>4264 AZ</PstCd>
<TwnNm>VEEN</TwnNm>
<Ctry>NL</Ctry>
</PstlAdr>
</Cdtr>
<CdtrAcct>
<Id>
<IBAN>NL40RABO0324672012</IBAN>
</Id>
</CdtrAcct>
<RmtInf>
<Ustrd>Checkno:18629 Docs: 50220041</Ustrd>
</RmtInf>
</CdtTrfTxInf>
<CdtTrfTxInf>
<PmtId>
<EndToEndId>400-101-18613</EndToEndId>
</PmtId>
<Amt>
<InstdAmt Ccy="EUR">6.33</InstdAmt>
</Amt>
<CdtrAgt>
<FinInstnId>
<BIC>ABNANL2A</BIC>
</FinInstnId>
</CdtrAgt>
<Cdtr>
<Nm>RDW</Nm>
<PstlAdr>
<StrtNm>EUROPAWEG 205</StrtNm>
<PstCd>2711 ER</PstCd>
<TwnNm>ZOETERMEER</TwnNm>
<Ctry>NL</Ctry>
</PstlAdr>
</Cdtr>
<CdtrAcct>
<Id>
<IBAN>NL72ABNA0477241883</IBAN>
</Id>
</CdtrAcct>
<RmtInf>
<Ustrd>Checkno:18613 Docs: 92384764</Ustrd>
</RmtInf>
</CdtTrfTxInf>
<CdtTrfTxInf>
<PmtId>
<EndToEndId>400-101-18595</EndToEndId>
</PmtId>
<Amt>
<InstdAmt Ccy="EUR">1935.00</InstdAmt>
</Amt>
<CdtrAgt>
<FinInstnId>
<BIC>RABONL2U</BIC>
</FinInstnId>
</CdtrAgt>
<Cdtr>
<Nm>LASBEDRIJF VAN HERWIJNEN</Nm>
<PstlAdr>
<StrtNm>HOEFSLAG 2</StrtNm>
<PstCd>4286 GD</PstCd>
<TwnNm>ALMKERK</TwnNm>
<Ctry>NL</Ctry>
</PstlAdr>
</Cdtr>
<CdtrAcct>
<Id>
<IBAN>NL07RABO0133936171</IBAN>
</Id>
</CdtrAcct>
<RmtInf>
<Ustrd>Checkno:18595 Docs: 202210</Ustrd>
</RmtInf>
</CdtTrfTxInf>
<CdtTrfTxInf>
<PmtId>
<EndToEndId>400-101-18545</EndToEndId>
</PmtId>
<Amt>
<InstdAmt Ccy="EUR">2904.64</InstdAmt>
</Amt>
<CdtrAgt>
<FinInstnId>
<BIC>RABONL2U</BIC>
</FinInstnId>
</CdtrAgt>
<Cdtr>
<Nm>Alamo Group The Netherlands B.V.</Nm>
<PstlAdr>
<StrtNm>INDUSTRIEWEG  18</StrtNm>
<PstCd>4283 GZ</PstCd>
<TwnNm>GIESSEN</TwnNm>
<Ctry>NL</Ctry>
</PstlAdr>
</Cdtr>
<CdtrAcct>
<Id>
<IBAN>NL40RABO0156164582</IBAN>
</Id>
</CdtrAcct>
<RmtInf>
<Ustrd>Checkno:18545 Docs: 1177</Ustrd>
</RmtInf>
</CdtTrfTxInf>
<CdtTrfTxInf>
<PmtId>
<EndToEndId>400-101-18607</EndToEndId>
</PmtId>
<Amt>
<InstdAmt Ccy="EUR">173.64</InstdAmt>
</Amt>
<CdtrAgt>
<FinInstnId>
<BIC>RABONL2U</BIC>
</FinInstnId>
</CdtrAgt>
<Cdtr>
<Nm>OUDSHOORN HYDRAULICS</Nm>
<PstlAdr>
<StrtNm>JAAP BIJZERWEG 18</StrtNm>
<PstCd>3446 CR</PstCd>
<TwnNm>WOERDEN</TwnNm>
<Ctry>NL</Ctry>
</PstlAdr>
</Cdtr>
<CdtrAcct>
<Id>
<IBAN>NL88RABO0131529501</IBAN>
</Id>
</CdtrAcct>
<RmtInf>
<Ustrd>Checkno:18607 Docs: 12201315</Ustrd>
</RmtInf>
</CdtTrfTxInf>
<CdtTrfTxInf>
<PmtId>
<EndToEndId>400-101-18605</EndToEndId>
</PmtId>
<Amt>
<InstdAmt Ccy="EUR">1206.63</InstdAmt>
</Amt>
<CdtrAgt>
<FinInstnId>
<BIC>RABONL2U</BIC>
</FinInstnId>
</CdtrAgt>
<Cdtr>
<Nm>NIGHT STAR EXPRESS HELLMANN B.V.</Nm>
<PstlAdr>
<StrtNm>LOGISTIEKSTRAAT 4</StrtNm>
<PstCd>7041 KH</PstCd>
<TwnNm>'S-HEERENBERG</TwnNm>
<Ctry>NL</Ctry>
</PstlAdr>
</Cdtr>
<CdtrAcct>
<Id>
<IBAN>NL08RABO0116380705</IBAN>
</Id>
</CdtrAcct>
<RmtInf>
<Ustrd>Checkno:18605 Docs: 21199995 21200172</Ustrd>
</RmtInf>
</CdtTrfTxInf>
<CdtTrfTxInf>
<PmtId>
<EndToEndId>400-101-18572</EndToEndId>
</PmtId>
<Amt>
<InstdAmt Ccy="EUR">1669.67</InstdAmt>
</Amt>
<CdtrAgt>
<FinInstnId>
<BIC>WELADED1ENE</BIC>
</FinInstnId>
</CdtrAgt>
<Cdtr>
<Nm>ESM Ennepetaler</Nm>
<PstlAdr>
<StrtNm>KOLNER STRASSE 29</StrtNm>
<PstCd>D-58256</PstCd>
<TwnNm>ENNEPETAL</TwnNm>
<Ctry>NL</Ctry>
</PstlAdr>
</Cdtr>
<CdtrAcct>
<Id>
<IBAN>DE68454510600000011858</IBAN>
</Id>
</CdtrAcct>
<RmtInf>
<Ustrd>Checkno:18572 Docs: 2241107</Ustrd>
</RmtInf>
</CdtTrfTxInf>
<CdtTrfTxInf>
<PmtId>
<EndToEndId>400-101-18556</EndToEndId>
</PmtId>
<Amt>
<InstdAmt Ccy="EUR">89.56</InstdAmt>
</Amt>
<CdtrAgt>
<FinInstnId>
<BIC>RABONL2U</BIC>
</FinInstnId>
</CdtrAgt>
<Cdtr>
<Nm>CAFE AUTOMATIC ZARAZZO</Nm>
<PstlAdr>
<StrtNm>DE WEL 34-36</StrtNm>
<PstCd>3871 MV</PstCd>
<TwnNm>HOEVELAKEN</TwnNm>
<Ctry>NL</Ctry>
</PstlAdr>
</Cdtr>
<CdtrAcct>
<Id>
<IBAN>NL57RABO0123148677</IBAN>
</Id>
</CdtrAcct>
<RmtInf>
<Ustrd>Checkno:18556 Docs: VF2227038 VF2227039</Ustrd>
</RmtInf>
</CdtTrfTxInf>
<CdtTrfTxInf>
<PmtId>
<EndToEndId>400-101-18623</EndToEndId>
</PmtId>
<Amt>
<InstdAmt Ccy="EUR">233.63</InstdAmt>
</Amt>
<CdtrAgt>
<FinInstnId>
<BIC>RABONL2A</BIC>
</FinInstnId>
</CdtrAgt>
<Cdtr>
<Nm>Spar Kraaij</Nm>
<PstlAdr>
<StrtNm>Dorpsstraat 49</StrtNm>
<PstCd>4284 EG</PstCd>
<TwnNm>RIJSWIJK</TwnNm>
<Ctry>NL</Ctry>
</PstlAdr>
</Cdtr>
<CdtrAcct>
<Id>
<IBAN>NL29RABO0312285698</IBAN>
</Id>
</CdtrAcct>
<RmtInf>
<Ustrd>Checkno:18623 Docs: D05712201960</Ustrd>
</RmtInf>
</CdtTrfTxInf>
<CdtTrfTxInf>
<PmtId>
<EndToEndId>400-101-18626</EndToEndId>
</PmtId>
<Amt>
<InstdAmt Ccy="EUR">1636.62</InstdAmt>
</Amt>
<CdtrAgt>
<FinInstnId>
<BIC>INGBNL2A</BIC>
</FinInstnId>
</CdtrAgt>
<Cdtr>
<Nm>VAN RIEL FORKLIFTS B.V.</Nm>
<PstlAdr>
<StrtNm>Zevenheuvelenweg 40</StrtNm>
<PstCd>5048 AN</PstCd>
<TwnNm>TILBURG</TwnNm>
<Ctry>NL</Ctry>
</PstlAdr>
</Cdtr>
<CdtrAcct>
<Id>
<IBAN>NL31INGB0660912260</IBAN>
</Id>
</CdtrAcct>
<RmtInf>
<Ustrd>Checkno:18626 Docs: 2220585 2220586</Ustrd>
</RmtInf>
</CdtTrfTxInf>
<CdtTrfTxInf>
<PmtId>
<EndToEndId>400-101-18619</EndToEndId>
</PmtId>
<Amt>
<InstdAmt Ccy="EUR">4793.19</InstdAmt>
</Amt>
<CdtrAgt>
<FinInstnId>
<BIC></BIC>
</FinInstnId>
</CdtrAgt>
<Cdtr>
<Nm>Seijer Bolk Techniek</Nm>
<PstlAdr>
<StrtNm>Jan Coolenhof 19</StrtNm>
<PstCd>5311 GP</PstCd>
<TwnNm>GAMEREN</TwnNm>
<Ctry>NL</Ctry>
</PstlAdr>
</Cdtr>
<CdtrAcct>
<Id>
<IBAN>NL52RBRB0777955393</IBAN>
</Id>
</CdtrAcct>
<RmtInf>
<Ustrd>Checkno:18619 Docs: 2022-101983 2022-101982</Ustrd>
</RmtInf>
</CdtTrfTxInf>
<CdtTrfTxInf>
<PmtId>
<EndToEndId>400-101-18597</EndToEndId>
</PmtId>
<Amt>
<InstdAmt Ccy="EUR">2716.45</InstdAmt>
</Amt>
<CdtrAgt>
<FinInstnId>
<BIC>RABONL2U</BIC>
</FinInstnId>
</CdtrAgt>
<Cdtr>
<Nm>Loyals B.V.</Nm>
<PstlAdr>
<StrtNm>Industrieweg 15</StrtNm>
<PstCd>3641 RK</PstCd>
<TwnNm>MIJDRECHT</TwnNm>
<Ctry>NL</Ctry>
</PstlAdr>
</Cdtr>
<CdtrAcct>
<Id>
<IBAN>NL79RABO0111345030</IBAN>
</Id>
</CdtrAcct>
<RmtInf>
<Ustrd>Checkno:18597 Docs: 22130783</Ustrd>
</RmtInf>
</CdtTrfTxInf>
<CdtTrfTxInf>
<PmtId>
<EndToEndId>400-101-18598</EndToEndId>
</PmtId>
<Amt>
<InstdAmt Ccy="EUR">913.03</InstdAmt>
</Amt>
<CdtrAgt>
<FinInstnId>
<BIC>ABNANL2A</BIC>
</FinInstnId>
</CdtrAgt>
<Cdtr>
<Nm>Luijten-VVZ</Nm>
<PstlAdr>
<StrtNm>Merwedestraat 140</StrtNm>
<PstCd>3313 CS</PstCd>
<TwnNm>DORDRECHT</TwnNm>
<Ctry>NL</Ctry>
</PstlAdr>
</Cdtr>
<CdtrAcct>
<Id>
<IBAN>NL33ABNA0244746001</IBAN>
</Id>
</CdtrAcct>
<RmtInf>
<Ustrd>Checkno:18598 Docs: 49806933 49807188 49808311</Ustrd>
</RmtInf>
</CdtTrfTxInf>
<CdtTrfTxInf>
<PmtId>
<EndToEndId>400-101-18627</EndToEndId>
</PmtId>
<Amt>
<InstdAmt Ccy="EUR">17774.90</InstdAmt>
</Amt>
<CdtrAgt>
<FinInstnId>
<BIC>ABNANL2A</BIC>
</FinInstnId>
</CdtrAgt>
<Cdtr>
<Nm>VDL RPI Metaal</Nm>
<PstlAdr>
<StrtNm>Nijverheidsweg 40</StrtNm>
<PstCd>3341 LJ</PstCd>
<TwnNm>HENDRIK-IDO-AMBACHT</TwnNm>
<Ctry>NL</Ctry>
</PstlAdr>
</Cdtr>
<CdtrAcct>
<Id>
<IBAN>NL13ABNA0619513136</IBAN>
</Id>
</CdtrAcct>
<RmtInf>
<Ustrd>Checkno:18627 Docs: 2200150 2200282</Ustrd>
</RmtInf>
</CdtTrfTxInf>
<CdtTrfTxInf>
<PmtId>
<EndToEndId>400-101-18615</EndToEndId>
</PmtId>
<Amt>
<InstdAmt Ccy="EUR">1928.70</InstdAmt>
</Amt>
<CdtrAgt>
<FinInstnId>
<BIC>RABONL2U</BIC>
</FinInstnId>
</CdtrAgt>
<Cdtr>
<Nm>Roxtec B.V.</Nm>
<PstlAdr>
<StrtNm>Galvanistraat 10</StrtNm>
<PstCd>3846 AT</PstCd>
<TwnNm>HARDERWIJK</TwnNm>
<Ctry>NL</Ctry>
</PstlAdr>
</Cdtr>
<CdtrAcct>
<Id>
<IBAN>NL86RABO0120163756</IBAN>
</Id>
</CdtrAcct>
<RmtInf>
<Ustrd>Checkno:18615 Docs: CD17210</Ustrd>
</RmtInf>
</CdtTrfTxInf>
<CdtTrfTxInf>
<PmtId>
<EndToEndId>400-101-18548</EndToEndId>
</PmtId>
<Amt>
<InstdAmt Ccy="EUR">2945.00</InstdAmt>
</Amt>
<CdtrAgt>
<FinInstnId>
<BIC>SNSBNL2A</BIC>
</FinInstnId>
</CdtrAgt>
<Cdtr>
<Nm>Arie Jan Welbie AJW</Nm>
<PstlAdr>
<StrtNm>Kerkstraat 11</StrtNm>
<PstCd>4285 BA</PstCd>
<TwnNm>WOUDRICHEM</TwnNm>
<Ctry>NL</Ctry>
</PstlAdr>
</Cdtr>
<CdtrAcct>
<Id>
<IBAN>NL91SNSB0858270234</IBAN>
</Id>
</CdtrAcct>
<RmtInf>
<Ustrd>Checkno:18548 Docs: 202208 202209</Ustrd>
</RmtInf>
</CdtTrfTxInf>
<CdtTrfTxInf>
<PmtId>
<EndToEndId>400-101-18604</EndToEndId>
</PmtId>
<Amt>
<InstdAmt Ccy="EUR">1280.00</InstdAmt>
</Amt>
<CdtrAgt>
<FinInstnId>
<BIC>KNABNL2H</BIC>
</FinInstnId>
</CdtrAgt>
<Cdtr>
<Nm>NCKS METALS</Nm>
<PstlAdr>
<StrtNm>ZANDSTEEG 4</StrtNm>
<PstCd>4255 SH</PstCd>
<TwnNm>NIEUWENDIJK</TwnNm>
<Ctry>NL</Ctry>
</PstlAdr>
</Cdtr>
<CdtrAcct>
<Id>
<IBAN>NL08KNAB0258215313</IBAN>
</Id>
</CdtrAcct>
<RmtInf>
<Ustrd>Checkno:18604 Docs: 2022012</Ustrd>
</RmtInf>
</CdtTrfTxInf>
<CdtTrfTxInf>
<PmtId>
<EndToEndId>400-101-18601</EndToEndId>
</PmtId>
<Amt>
<InstdAmt Ccy="EUR">14339.83</InstdAmt>
</Amt>
<CdtrAgt>
<FinInstnId>
<BIC>RABONL2U</BIC>
</FinInstnId>
</CdtrAgt>
<Cdtr>
<Nm>MONTCLAIR GROEP B.V.</Nm>
<PstlAdr>
<StrtNm>MARATHON 6</StrtNm>
<PstCd>1213 PK</PstCd>
<TwnNm>HILVERSUM</TwnNm>
<Ctry>NL</Ctry>
</PstlAdr>
</Cdtr>
<CdtrAcct>
<Id>
<IBAN>NL13RABO0392372193</IBAN>
</Id>
</CdtrAcct>
<RmtInf>
<Ustrd>Checkno:18601 Docs: 01746320</Ustrd>
</RmtInf>
</CdtTrfTxInf>
<CdtTrfTxInf>
<PmtId>
<EndToEndId>400-101-18553</EndToEndId>
</PmtId>
<Amt>
<InstdAmt Ccy="EUR">19530.00</InstdAmt>
</Amt>
<CdtrAgt>
<FinInstnId>
<BIC>BCVAIT2V</BIC>
</FinInstnId>
</CdtrAgt>
<Cdtr>
<Nm>Bertima Macchine Agricole</Nm>
<PstlAdr>
<StrtNm>Via Musi 1/A-3</StrtNm>
<PstCd>37042</PstCd>
<TwnNm>CALDIERO VERONA</TwnNm>
<Ctry>IT</Ctry>
</PstlAdr>
</Cdtr>
<CdtrAcct>
<Id>
<IBAN>IT40S0511659751000000000548</IBAN>
</Id>
</CdtrAcct>
<RmtInf>
<Ustrd>Checkno:18553 Docs: 401</Ustrd>
</RmtInf>
</CdtTrfTxInf>
<CdtTrfTxInf>
<PmtId>
<EndToEndId>400-101-18561</EndToEndId>
</PmtId>
<Amt>
<InstdAmt Ccy="EUR">89.84</InstdAmt>
</Amt>
<CdtrAgt>
<FinInstnId>
<BIC>RABONL2U</BIC>
</FinInstnId>
</CdtrAgt>
<Cdtr>
<Nm>Den Doorn Installatiebeheer B.V.</Nm>
<PstlAdr>
<StrtNm>FORELLENWEG 7</StrtNm>
<PstCd>4283 JN</PstCd>
<TwnNm>Giessen</TwnNm>
<Ctry>NL</Ctry>
</PstlAdr>
</Cdtr>
<CdtrAcct>
<Id>
<IBAN>NL33RABO0156521571</IBAN>
</Id>
</CdtrAcct>
<RmtInf>
<Ustrd>Checkno:18561 Docs: VFM220617</Ustrd>
</RmtInf>
</CdtTrfTxInf>
<CdtTrfTxInf>
<PmtId>
<EndToEndId>400-101-18599</EndToEndId>
</PmtId>
<Amt>
<InstdAmt Ccy="EUR">60.65</InstdAmt>
</Amt>
<CdtrAgt>
<FinInstnId>
<BIC>ABNANL2A</BIC>
</FinInstnId>
</CdtrAgt>
<Cdtr>
<Nm>LUNCHROOM VAN ALLES WAT</Nm>
<PstlAdr>
<StrtNm>SPORTLAAN 5</StrtNm>
<PstCd>4286 ES</PstCd>
<TwnNm>ALMKERK</TwnNm>
<Ctry>NL</Ctry>
</PstlAdr>
</Cdtr>
<CdtrAcct>
<Id>
<IBAN>NL49ABNA0860051730</IBAN>
</Id>
</CdtrAcct>
<RmtInf>
<Ustrd>Checkno:18599 Docs: 22700147</Ustrd>
</RmtInf>
</CdtTrfTxInf>
<CdtTrfTxInf>
<PmtId>
<EndToEndId>400-101-18582</EndToEndId>
</PmtId>
<Amt>
<InstdAmt Ccy="EUR">172.70</InstdAmt>
</Amt>
<CdtrAgt>
<FinInstnId>
<BIC>COBANL2XXXX</BIC>
</FinInstnId>
</CdtrAgt>
<Cdtr>
<Nm>HELLMANN WORLDWIDE LOGISTICS BV</Nm>
<PstlAdr>
<StrtNm>SHANNONWEG 11</StrtNm>
<PstCd>3197 LG</PstCd>
<TwnNm>ROTTERDAM</TwnNm>
<Ctry>NL</Ctry>
</PstlAdr>
</Cdtr>
<CdtrAcct>
<Id>
<IBAN>NL33COBA0637054237</IBAN>
</Id>
</CdtrAcct>
<RmtInf>
<Ustrd>Checkno:18582 Docs: RTMW064871</Ustrd>
</RmtInf>
</CdtTrfTxInf>
<CdtTrfTxInf>
<PmtId>
<EndToEndId>400-101-18557</EndToEndId>
</PmtId>
<Amt>
<InstdAmt Ccy="EUR">440.66</InstdAmt>
</Amt>
<CdtrAgt>
<FinInstnId>
<BIC>ABNANL2A</BIC>
</FinInstnId>
</CdtrAgt>
<Cdtr>
<Nm>COATINC PREGA NL B.V.</Nm>
<PstlAdr>
<StrtNm>BOVENSTEWEG 58</StrtNm>
<PstCd>6585 KD</PstCd>
<TwnNm>MOOK</TwnNm>
<Ctry>NL</Ctry>
</PstlAdr>
</Cdtr>
<CdtrAcct>
<Id>
<IBAN>NL11ABNA0405320779</IBAN>
</Id>
</CdtrAcct>
<RmtInf>
<Ustrd>Checkno:18557 Docs: 469012243</Ustrd>
</RmtInf>
</CdtTrfTxInf>
<CdtTrfTxInf>
<PmtId>
<EndToEndId>400-101-18592</EndToEndId>
</PmtId>
<Amt>
<InstdAmt Ccy="EUR">735.68</InstdAmt>
</Amt>
<CdtrAgt>
<FinInstnId>
<BIC>RABONL2U</BIC>
</FinInstnId>
</CdtrAgt>
<Cdtr>
<Nm>KOOLMEES CONSULTANCY</Nm>
<PstlAdr>
<StrtNm>KERKWEG 62</StrtNm>
<PstCd>3371 AG</PstCd>
<TwnNm>HARDINXVELD-GIESSEND</TwnNm>
<Ctry>NL</Ctry>
</PstlAdr>
</Cdtr>
<CdtrAcct>
<Id>
<IBAN>NL92RABO0325626332</IBAN>
</Id>
</CdtrAcct>
<RmtInf>
<Ustrd>Checkno:18592 Docs: 342022014</Ustrd>
</RmtInf>
</CdtTrfTxInf>
<CdtTrfTxInf>
<PmtId>
<EndToEndId>400-101-18603</EndToEndId>
</PmtId>
<Amt>
<InstdAmt Ccy="EUR">1134.38</InstdAmt>
</Amt>
<CdtrAgt>
<FinInstnId>
<BIC>RABONL2U</BIC>
</FinInstnId>
</CdtrAgt>
<Cdtr>
<Nm>MVP SERVICES</Nm>
<PstlAdr>
<StrtNm>BROEKGRAAF 6</StrtNm>
<PstCd>4286 LW</PstCd>
<TwnNm>ALMKERK</TwnNm>
<Ctry>NL</Ctry>
</PstlAdr>
</Cdtr>
<CdtrAcct>
<Id>
<IBAN>NL05RABO0367396971</IBAN>
</Id>
</CdtrAcct>
<RmtInf>
<Ustrd>Checkno:18603 Docs: 2021073</Ustrd>
</RmtInf>
</CdtTrfTxInf>
<CdtTrfTxInf>
<PmtId>
<EndToEndId>400-101-18587</EndToEndId>
</PmtId>
<Amt>
<InstdAmt Ccy="EUR">13792.17</InstdAmt>
</Amt>
<CdtrAgt>
<FinInstnId>
<BIC>INGBNL2A</BIC>
</FinInstnId>
</CdtrAgt>
<Cdtr>
<Nm>HST SEA AND AIRFREIGHT B.V.</Nm>
<PstlAdr>
<StrtNm>TRANSPORTCENTRUM 21</StrtNm>
<PstCd>7547 RT</PstCd>
<TwnNm>ENSCHEDE</TwnNm>
<Ctry>NL</Ctry>
</PstlAdr>
</Cdtr>
<CdtrAcct>
<Id>
<IBAN>NL18INGB0676890334</IBAN>
</Id>
</CdtrAcct>
<RmtInf>
<Ustrd>Checkno:18587 Docs: VS2201831 VS2201832 VS2201923 VS2201939</Ustrd>
</RmtInf>
</CdtTrfTxInf>
<CdtTrfTxInf>
<PmtId>
<EndToEndId>400-101-18558</EndToEndId>
</PmtId>
<Amt>
<InstdAmt Ccy="EUR">2640.77</InstdAmt>
</Amt>
<CdtrAgt>
<FinInstnId>
<BIC>KREDNL2X</BIC>
</FinInstnId>
</CdtrAgt>
<Cdtr>
<Nm>COVEBO TECHNIEK</Nm>
<PstlAdr>
<StrtNm>KUBUS 170</StrtNm>
<PstCd>3364 DG</PstCd>
<TwnNm>SLIEDRECHT</TwnNm>
<Ctry>NL</Ctry>
</PstlAdr>
</Cdtr>
<CdtrAcct>
<Id>
<IBAN>NL92KRED0633021776</IBAN>
</Id>
</CdtrAcct>
<RmtInf>
<Ustrd>Checkno:18558 Docs: T2206079</Ustrd>
</RmtInf>
</CdtTrfTxInf>
<CdtTrfTxInf>
<PmtId>
<EndToEndId>400-101-18600</EndToEndId>
</PmtId>
<Amt>
<InstdAmt Ccy="EUR">2341.35</InstdAmt>
</Amt>
<CdtrAgt>
<FinInstnId>
<BIC>RBRBNL21</BIC>
</FinInstnId>
</CdtrAgt>
<Cdtr>
<Nm>MARIUS VAN DER HEYDEN VOF</Nm>
<PstlAdr>
<StrtNm>GROENSTRAAT 4</StrtNm>
<PstCd>4283 GD</PstCd>
<TwnNm>GIESSEN</TwnNm>
<Ctry>NL</Ctry>
</PstlAdr>
</Cdtr>
<CdtrAcct>
<Id>
<IBAN>NL76RBRB0706538323</IBAN>
</Id>
</CdtrAcct>
<RmtInf>
<Ustrd>Checkno:18600 Docs: 22018</Ustrd>
</RmtInf>
</CdtTrfTxInf>
<CdtTrfTxInf>
<PmtId>
<EndToEndId>400-101-18586</EndToEndId>
</PmtId>
<Amt>
<InstdAmt Ccy="EUR">499.96</InstdAmt>
</Amt>
<CdtrAgt>
<FinInstnId>
<BIC>INGBNL2A</BIC>
</FinInstnId>
</CdtrAgt>
<Cdtr>
<Nm>HST INTERNATIONAL B.V.</Nm>
<PstlAdr>
<StrtNm>TRANSPORTCENTRUM 2</StrtNm>
<PstCd>7547 RW</PstCd>
<TwnNm>ENSCHEDE</TwnNm>
<Ctry>NL</Ctry>
</PstlAdr>
</Cdtr>
<CdtrAcct>
<Id>
<IBAN>NL98INGB0685687570</IBAN>
</Id>
</CdtrAcct>
<RmtInf>
<Ustrd>Checkno:18586 Docs: 110039 110038</Ustrd>
</RmtInf>
</CdtTrfTxInf>
<CdtTrfTxInf>
<PmtId>
<EndToEndId>400-101-18624</EndToEndId>
</PmtId>
<Amt>
<InstdAmt Ccy="EUR">5250.36</InstdAmt>
</Amt>
<CdtrAgt>
<FinInstnId>
<BIC>INGBNL2A</BIC>
</FinInstnId>
</CdtrAgt>
<Cdtr>
<Nm>SPIE MACHINEBOUW</Nm>
<PstlAdr>
<StrtNm>COPERNICUSSTRAAT 9b</StrtNm>
<PstCd>6003 DE</PstCd>
<TwnNm>WEERT</TwnNm>
<Ctry>NL</Ctry>
</PstlAdr>
</Cdtr>
<CdtrAcct>
<Id>
<IBAN>NL58INGB0688478883</IBAN>
</Id>
</CdtrAcct>
<RmtInf>
<Ustrd>Checkno:18624 Docs: 22200726</Ustrd>
</RmtInf>
</CdtTrfTxInf>
<CdtTrfTxInf>
<PmtId>
<EndToEndId>400-101-18625</EndToEndId>
</PmtId>
<Amt>
<InstdAmt Ccy="EUR">317.63</InstdAmt>
</Amt>
<CdtrAgt>
<FinInstnId>
<BIC>RABONL2U</BIC>
</FinInstnId>
</CdtrAgt>
<Cdtr>
<Nm>VAN DOORN LOGISTICS B.V.</Nm>
<PstlAdr>
<StrtNm>SCHEYSLOOT 16</StrtNm>
<PstCd>2201 GN</PstCd>
<TwnNm>NOORDWIJK</TwnNm>
<Ctry>NL</Ctry>
</PstlAdr>
</Cdtr>
<CdtrAcct>
<Id>
<IBAN>NL81RABO0108085309</IBAN>
</Id>
</CdtrAcct>
<RmtInf>
<Ustrd>Checkno:18625 Docs: 185687</Ustrd>
</RmtInf>
</CdtTrfTxInf>
<CdtTrfTxInf>
<PmtId>
<EndToEndId>400-101-18590</EndToEndId>
</PmtId>
<Amt>
<InstdAmt Ccy="EUR">182.11</InstdAmt>
</Amt>
<CdtrAgt>
<FinInstnId>
<BIC>KNABNL2H</BIC>
</FinInstnId>
</CdtrAgt>
<Cdtr>
<Nm>JASPER ADAMS SERVICE</Nm>
<PstlAdr>
<StrtNm>KLAPROOSSTRAAT 17</StrtNm>
<PstCd>5056 SM</PstCd>
<TwnNm>BERKEL-ENSCHOT</TwnNm>
<Ctry>NL</Ctry>
</PstlAdr>
</Cdtr>
<CdtrAcct>
<Id>
<IBAN>NL30KNAB0411220195</IBAN>
</Id>
</CdtrAcct>
<RmtInf>
<Ustrd>Checkno:18590 Docs: 2022030001</Ustrd>
</RmtInf>
</CdtTrfTxInf>
<CdtTrfTxInf>
<PmtId>
<EndToEndId>400-101-18555</EndToEndId>
</PmtId>
<Amt>
<InstdAmt Ccy="EUR">303.71</InstdAmt>
</Amt>
<CdtrAgt>
<FinInstnId>
<BIC>ABNANL2A</BIC>
</FinInstnId>
</CdtrAgt>
<Cdtr>
<Nm>BRAKER SPUITTECHNIEK BV</Nm>
<PstlAdr>
<StrtNm>AQUAMARIJNSTRAAT 106</StrtNm>
<PstCd>7554 NT</PstCd>
<TwnNm>ENSCHEDE</TwnNm>
<Ctry>NL</Ctry>
</PstlAdr>
</Cdtr>
<CdtrAcct>
<Id>
<IBAN>NL63ABNA0548386404</IBAN>
</Id>
</CdtrAcct>
<RmtInf>
<Ustrd>Checkno:18555 Docs: 2022-22044</Ustrd>
</RmtInf>
</CdtTrfTxInf>
<CdtTrfTxInf>
<PmtId>
<EndToEndId>400-101-18578</EndToEndId>
</PmtId>
<Amt>
<InstdAmt Ccy="EUR">3509.00</InstdAmt>
</Amt>
<CdtrAgt>
<FinInstnId>
<BIC>RABONL2U</BIC>
</FinInstnId>
</CdtrAgt>
<Cdtr>
<Nm>GROENOORD AG en TURF BV</Nm>
<PstlAdr>
<StrtNm>CUXHAVENWEG 8</StrtNm>
<PstCd>9723 JK</PstCd>
<TwnNm>GRONINGEN</TwnNm>
<Ctry>NL</Ctry>
</PstlAdr>
</Cdtr>
<CdtrAcct>
<Id>
<IBAN>NL95RABO0131985760</IBAN>
</Id>
</CdtrAcct>
<RmtInf>
<Ustrd>Checkno:18578 Docs: 22007472</Ustrd>
</RmtInf>
</CdtTrfTxInf>
<CdtTrfTxInf>
<PmtId>
<EndToEndId>400-101-18614</EndToEndId>
</PmtId>
<Amt>
<InstdAmt Ccy="EUR">2468.40</InstdAmt>
</Amt>
<CdtrAgt>
<FinInstnId>
<BIC>RABONL2U</BIC>
</FinInstnId>
</CdtrAgt>
<Cdtr>
<Nm>REDDOOR VISUAL en INDUSTRIAL DESIGN</Nm>
<PstlAdr>
<StrtNm>De Rietdekker 9</StrtNm>
<PstCd>4284 VP</PstCd>
<TwnNm>RIJSWIJK</TwnNm>
<Ctry>NL</Ctry>
</PstlAdr>
</Cdtr>
<CdtrAcct>
<Id>
<IBAN>NL93RABO0151554382</IBAN>
</Id>
</CdtrAcct>
<RmtInf>
<Ustrd>Checkno:18614 Docs: 2022004</Ustrd>
</RmtInf>
</CdtTrfTxInf>
<CdtTrfTxInf>
<PmtId>
<EndToEndId>400-101-18612</EndToEndId>
</PmtId>
<Amt>
<InstdAmt Ccy="EUR">965.58</InstdAmt>
</Amt>
<CdtrAgt>
<FinInstnId>
<BIC>RABONL2U</BIC>
</FinInstnId>
</CdtrAgt>
<Cdtr>
<Nm>PSYCHOLOGEN NEDERLAND</Nm>
<PstlAdr>
<StrtNm>MAASSLUISSTRAAT 2</StrtNm>
<PstCd>1062 GD</PstCd>
<TwnNm>AMSTERDAM</TwnNm>
<Ctry>NL</Ctry>
</PstlAdr>
</Cdtr>
<CdtrAcct>
<Id>
<IBAN>NL85RABO0135772044</IBAN>
</Id>
</CdtrAcct>
<RmtInf>
<Ustrd>Checkno:18612 Docs: 228000212</Ustrd>
</RmtInf>
</CdtTrfTxInf>
<CdtTrfTxInf>
<PmtId>
<EndToEndId>400-101-18550</EndToEndId>
</PmtId>
<Amt>
<InstdAmt Ccy="EUR">509.41</InstdAmt>
</Amt>
<CdtrAgt>
<FinInstnId>
<BIC>RABONL2U</BIC>
</FinInstnId>
</CdtrAgt>
<Cdtr>
<Nm>Asec Kunststoffen BV</Nm>
<PstlAdr>
<StrtNm>Marketing 17</StrtNm>
<PstCd>6921 RE</PstCd>
<TwnNm>DUIVEN</TwnNm>
<Ctry>NL</Ctry>
</PstlAdr>
</Cdtr>
<CdtrAcct>
<Id>
<IBAN>NL18RABO0119772906</IBAN>
</Id>
</CdtrAcct>
<RmtInf>
<Ustrd>Checkno:18550 Docs: 114398</Ustrd>
</RmtInf>
</CdtTrfTxInf>
<CdtTrfTxInf>
<PmtId>
<EndToEndId>400-101-18577</EndToEndId>
</PmtId>
<Amt>
<InstdAmt Ccy="EUR">571.67</InstdAmt>
</Amt>
<CdtrAgt>
<FinInstnId>
<BIC>RABONL2U</BIC>
</FinInstnId>
</CdtrAgt>
<Cdtr>
<Nm>Gelria Pakking BV</Nm>
<PstlAdr>
<StrtNm>Lonnekerbrugstraat 81/81A</StrtNm>
<PstCd>7547 AJ</PstCd>
<TwnNm>ENSCHEDE</TwnNm>
<Ctry>NL</Ctry>
</PstlAdr>
</Cdtr>
<CdtrAcct>
<Id>
<IBAN>NL39RABO0316462144</IBAN>
</Id>
</CdtrAcct>
<RmtInf>
<Ustrd>Checkno:18577 Docs: 2200249</Ustrd>
</RmtInf>
</CdtTrfTxInf>
<CdtTrfTxInf>
<PmtId>
<EndToEndId>400-101-18565</EndToEndId>
</PmtId>
<Amt>
<InstdAmt Ccy="EUR">186.34</InstdAmt>
</Amt>
<CdtrAgt>
<FinInstnId>
<BIC>RABONL2U</BIC>
</FinInstnId>
</CdtrAgt>
<Cdtr>
<Nm>Drukkerij Uitgeverij van Marle B.V.</Nm>
<PstlAdr>
<StrtNm>Pasmaatstraat 20</StrtNm>
<PstCd>7556 PH</PstCd>
<TwnNm>HENGELO</TwnNm>
<Ctry>NL</Ctry>
</PstlAdr>
</Cdtr>
<CdtrAcct>
<Id>
<IBAN>NL86RABO0104736100</IBAN>
</Id>
</CdtrAcct>
<RmtInf>
<Ustrd>Checkno:18565 Docs: 20220282</Ustrd>
</RmtInf>
</CdtTrfTxInf>
<CdtTrfTxInf>
<PmtId>
<EndToEndId>400-101-18563</EndToEndId>
</PmtId>
<Amt>
<InstdAmt Ccy="EUR">1734.50</InstdAmt>
</Amt>
<CdtrAgt>
<FinInstnId>
<BIC>COBADEFFXXX</BIC>
</FinInstnId>
</CdtrAgt>
<Cdtr>
<Nm>Dietrich Teigler Nach. GmbH e Co. K</Nm>
<PstlAdr>
<StrtNm>Rondsdorfer Strasse 53</StrtNm>
<PstCd>40233</PstCd>
<TwnNm>DUSSELDORF</TwnNm>
<Ctry>DE</Ctry>
</PstlAdr>
</Cdtr>
<CdtrAcct>
<Id>
<IBAN>DE18300400000555554500</IBAN>
</Id>
</CdtrAcct>
<RmtInf>
<Ustrd>Checkno:18563 Docs: 420143 420148</Ustrd>
</RmtInf>
</CdtTrfTxInf>
<CdtTrfTxInf>
<PmtId>
<EndToEndId>400-101-18549</EndToEndId>
</PmtId>
<Amt>
<InstdAmt Ccy="EUR">1464.10</InstdAmt>
</Amt>
<CdtrAgt>
<FinInstnId>
<BIC>INGBNL2A</BIC>
</FinInstnId>
</CdtrAgt>
<Cdtr>
<Nm>Asbreuk Copy service</Nm>
<PstlAdr>
<StrtNm>Twenteweg 18</StrtNm>
<PstCd>7532 ST</PstCd>
<TwnNm>ENSCHEDE</TwnNm>
<Ctry>NL</Ctry>
</PstlAdr>
</Cdtr>
<CdtrAcct>
<Id>
<IBAN>NL35INGB0665642296</IBAN>
</Id>
</CdtrAcct>
<RmtInf>
<Ustrd>Checkno:18549 Docs: 46689 46690 46691</Ustrd>
</RmtInf>
</CdtTrfTxInf>
<CdtTrfTxInf>
<PmtId>
<EndToEndId>400-101-18617</EndToEndId>
</PmtId>
<Amt>
<InstdAmt Ccy="EUR">922.02</InstdAmt>
</Amt>
<CdtrAgt>
<FinInstnId>
<BIC>INGBNL2A</BIC>
</FinInstnId>
</CdtrAgt>
<Cdtr>
<Nm>Rubaflex B.V.</Nm>
<PstlAdr>
<StrtNm>Daniel Pichotstraat 2</StrtNm>
<PstCd>3115 JB</PstCd>
<TwnNm>SCHIEDAM</TwnNm>
<Ctry>NL</Ctry>
</PstlAdr>
</Cdtr>
<CdtrAcct>
<Id>
<IBAN>NL03INGB0694670510</IBAN>
</Id>
</CdtrAcct>
<RmtInf>
<Ustrd>Checkno:18617 Docs: 551182</Ustrd>
</RmtInf>
</CdtTrfTxInf>
<CdtTrfTxInf>
<PmtId>
<EndToEndId>400-101-18551</EndToEndId>
</PmtId>
<Amt>
<InstdAmt Ccy="EUR">1462.65</InstdAmt>
</Amt>
<CdtrAgt>
<FinInstnId>
<BIC>INGBPLPW</BIC>
</FinInstnId>
</CdtrAgt>
<Cdtr>
<Nm>Atex SP. z.o.o.</Nm>
<PstlAdr>
<StrtNm>Godzikowice 50L</StrtNm>
<PstCd>55-200</PstCd>
<TwnNm>OLAWA</TwnNm>
<Ctry>PL</Ctry>
</PstlAdr>
</Cdtr>
<CdtrAcct>
<Id>
<IBAN>PL7510501575100000031295042</IBAN>
</Id>
</CdtrAcct>
<RmtInf>
<Ustrd>Checkno:18551 Docs: 278/S-EU/2022</Ustrd>
</RmtInf>
</CdtTrfTxInf>
<CdtTrfTxInf>
<PmtId>
<EndToEndId>400-101-18588</EndToEndId>
</PmtId>
<Amt>
<InstdAmt Ccy="EUR">12701.64</InstdAmt>
</Amt>
<CdtrAgt>
<FinInstnId>
<BIC>HYVEDEMM432</BIC>
</FinInstnId>
</CdtrAgt>
<Cdtr>
<Nm>Hydac Technology GmbH</Nm>
<PstlAdr>
<StrtNm>Industriegebiet</StrtNm>
<PstCd>D-66280</PstCd>
<TwnNm>SULZBACH</TwnNm>
<Ctry>DE</Ctry>
</PstlAdr>
</Cdtr>
<CdtrAcct>
<Id>
<IBAN>DE77590200900353568213</IBAN>
</Id>
</CdtrAcct>
<RmtInf>
<Ustrd>Checkno:18588 Docs: 9301674040</Ustrd>
</RmtInf>
</CdtTrfTxInf>
<CdtTrfTxInf>
<PmtId>
<EndToEndId>400-101-18585</EndToEndId>
</PmtId>
<Amt>
<InstdAmt Ccy="EUR">1620.19</InstdAmt>
</Amt>
<CdtrAgt>
<FinInstnId>
<BIC>RABONL2U</BIC>
</FinInstnId>
</CdtrAgt>
<Cdtr>
<Nm>Holt Filter</Nm>
<PstlAdr>
<StrtNm>Vordenseweg 6</StrtNm>
<PstCd>7261 LZ</PstCd>
<TwnNm>RUURLO</TwnNm>
<Ctry>NL</Ctry>
</PstlAdr>
</Cdtr>
<CdtrAcct>
<Id>
<IBAN>NL46RABO0181022567</IBAN>
</Id>
</CdtrAcct>
<RmtInf>
<Ustrd>Checkno:18585 Docs: 220034</Ustrd>
</RmtInf>
</CdtTrfTxInf>
<CdtTrfTxInf>
<PmtId>
<EndToEndId>400-101-18547</EndToEndId>
</PmtId>
<Amt>
<InstdAmt Ccy="EUR">583.23</InstdAmt>
</Amt>
<CdtrAgt>
<FinInstnId>
<BIC>RABONL2U</BIC>
</FinInstnId>
</CdtrAgt>
<Cdtr>
<Nm>Apollo Vredestein B.V.</Nm>
<PstlAdr>
<StrtNm>E.L.C. Schiff sr straat 370</StrtNm>
<PstCd>7547 RD</PstCd>
<TwnNm>ENSCHEDE</TwnNm>
<Ctry>NL</Ctry>
</PstlAdr>
</Cdtr>
<CdtrAcct>
<Id>
<IBAN>NL89RABO0100918611</IBAN>
</Id>
</CdtrAcct>
<RmtInf>
<Ustrd>Checkno:18547 Docs: 2990788706 2990793004</Ustrd>
</RmtInf>
</CdtTrfTxInf>
<CdtTrfTxInf>
<PmtId>
<EndToEndId>400-101-18594</EndToEndId>
</PmtId>
<Amt>
<InstdAmt Ccy="EUR">3748.09</InstdAmt>
</Amt>
<CdtrAgt>
<FinInstnId>
<BIC>INGBNL2A</BIC>
</FinInstnId>
</CdtrAgt>
<Cdtr>
<Nm>Kuil BV Nicos</Nm>
<PstlAdr>
<StrtNm>Hengelosestraat 304</StrtNm>
<PstCd>7500 AK</PstCd>
<TwnNm>ENSCHEDE</TwnNm>
<Ctry>NL</Ctry>
</PstlAdr>
</Cdtr>
<CdtrAcct>
<Id>
<IBAN>NL64INGB0665314884</IBAN>
</Id>
</CdtrAcct>
<RmtInf>
<Ustrd>Checkno:18594 Docs: V01220856 V01220857 V01220927</Ustrd>
</RmtInf>
</CdtTrfTxInf>
<CdtTrfTxInf>
<PmtId>
<EndToEndId>400-101-18618</EndToEndId>
</PmtId>
<Amt>
<InstdAmt Ccy="EUR">7.00</InstdAmt>
</Amt>
<CdtrAgt>
<FinInstnId>
<BIC>RABONL2U</BIC>
</FinInstnId>
</CdtrAgt>
<Cdtr>
<Nm>S. Nap</Nm>
<PstlAdr>
<StrtNm>Defensie eiland 105</StrtNm>
<PstCd>3441 VG</PstCd>
<TwnNm>Woerden</TwnNm>
<Ctry>NL</Ctry>
</PstlAdr>
</Cdtr>
<CdtrAcct>
<Id>
<IBAN>NL84RABO0119662108</IBAN>
</Id>
</CdtrAcct>
<RmtInf>
<Ustrd>Checkno:18618 Docs: Decl. 24032022</Ustrd>
</RmtInf>
</CdtTrfTxInf>
</PmtInf>
</CstmrCdtTrfInitn>
</Document>
